4588 5750
1157 418 1178 484 6

262 632 296 698 δὲ
320 633 436 703 ἁπλῶς.
483 631 548 696 Sed
572 633 691 702 ἁπλοῦς
715 637 763 697 est
798 631 891 697 homo
926 635 1061 718 simplex
1085 641 1117 699 et
1141 631 1227 698 tenui
1252 633 1338 699 victu
1363 636 1514 718 cultuque
1537 641 1705 700 conuentus
1728 641 1759 698 et
1783 656 1803 698 a
1826 631 1949 714 frando,
1985 632 2069 714 dolo,

261 737 387 806 insidiis
410 737 542 804 alienus.
589 739 638 804 Os.
662 739 746 804 Plut.
771 739 803 804 in
827 741 895 806 vita
918 740 1115 826 Philopoem.
1140 763 1211 827 cap
1236 741 1334 809 Xlll:
1370 745 1404 808 ἐν
1427 745 1462 808 δὲ
1483 751 1522 828 τῇ
1546 743 1654 826 Κρήτῃ
1678 743 1878 824 συνεπολέμει
1901 748 1964 811 τοῖς
1987 739 2069 822 Γορ-
2154 817 2156 822 ι

259 849 372 918 τυνίοις
395 849 455 930 ούχ
478 848 525 918 ῶς
547 846 801 930 Πελοποννήσιος
824 849 904 931 ἀνὴρ
927 849 980 913 καί
999 849 1114 931 Ἀρκὰς
1137 852 1257 914 ἁπλοῦν
1273 875 1337 915 τινα
1353 852 1407 915 καί
1423 857 1563 934 γενναῖον
1585 851 1733 932 πόλεμον,
1757 847 1833 912 ἀλλὰ
1857 849 1891 911 τὸ
1915 846 2071 930 Κρητικὸν

260 954 344 1038 ἦδος
366 954 458 1025 ἐνδὺς
480 955 533 1017 καί
555 960 619 1024 τοῖς
641 956 770 1019 ἐκείνων
793 957 963 1039 σοφίσμασι
990 958 1044 1020 καί
1067 957 1170 1028 δόλοις
1193 958 1360 1030 κλωπείαις
1382 983 1414 1021 τε
1437 959 1490 1022 καί
1512 958 1673 1040 λοχισμοῖς
1695 956 1868 1038 χριόμενος.
1926 952 2019 1032 Quod
2043 953 2070 1018 si

261 1061 307 1126 itu
330 1065 388 1142 est,
412 1061 531 1132 ἁπλοῦς
554 1079 656 1143 neque
680 1061 783 1126 loorrm
809 1061 905 1127 babet
929 1062 1011 1128 inter
1034 1064 1210 1146 δωρητικὸς
1232 1066 1285 1128 καὶ
1307 1065 1521 1148 μεγαλόφρων
1544 1083 1648 1146 neque
1664 1059 1963 1146 opponipotestiis‚
1989 1079 2071 1143 quae

261 1172 449 1251 sequuntur:
473 1171 534 1233 κᾶν
557 1169 701 1252 γλίσχρος
724 1169 742 1252 ip
766 1171 920 1252 πρότερον
948 1176 980 1234 et
1002 1179 1056 1254 τῆς
1089 1172 1292 1254 μικρολογίας
1326 1174 1380 1236 καὶ
1414 1173 1619 1254 φιλαργυρίας
1654 1171 1823 1253 ἀνιεμένης.
1882 1169 1985 1234 Unum
2010 1167 2071 1232 hoo

261 1276 332 1341 loeo
356 1280 465 1360 aptum
489 1273 616 1340 videtur
639 1282 693 1341 anit
715 1278 933 1359 iupnpdc¹),
957 1283 991 1342 ut
1014 1285 1046 1342 ct
1069 1277 1165 1363 paulo
1189 1277 1272 1344 iufra
1307 1277 1347 1343 de
1382 1277 1477 1344 simili
1507 1298 1541 1344 re
1565 1277 1682 1361 legitur
1705 1275 1892 1342 adverbium
1916 1277 2071 1358 λαμπρῶς

263 1385 385 1462 (ξένους
408 1384 542 1446 ἑστιῶντι
566 1384 737 1466 φιλοτίμως
759 1385 812 1448 καὶ
834 1386 1001 1467 λαμπρῶς)
1026 1391 1058 1448 ot
1081 1383 1276 1450 adiectivum
1299 1387 1406 1450 multis
1430 1385 1519 1468 loeis,
1544 1385 1630 1450 velut
1645 1385 1677 1449 iu
1691 1385 1758 1449 vita
1782 1381 1938 1448 Themist.
1963 1381 2071 1465 capV

262 1491 328 1569 (καί
352 1491 411 1572 γὰρ
435 1490 609 1573 φιλοθύτην
632 1492 707 1554 ὄντα
730 1493 783 1554 καί
806 1491 952 1574 λαμπρόν
975 1494 1008 1556 ἐν
1030 1499 1096 1564 ταῖς
1117 1494 1188 1574 περὶ
1216 1493 1288 1565 τοὺς
1312 1496 1420 1568 ξένους
1444 1494 1609 1563 δαπάναις·
1645 1489 1686 1556 du
1720 1490 1838 1575 gerrul.
1863 1510 1934 1574 cap.
1958 1489 2070 1553 XVIII

261 1599 314 1662 uui
337 1598 593 1686 παρεσκευάσατο
615 1598 771 1682 λαμπράν,
796 1599 841 1670 ὡς
864 1599 956 1672 εἰκός,
979 1601 1122 1680 ἑστίασιν)
1146 1606 1178 1664 et
1201 1599 1434 1666 substantivum
1457 1601 1639 1683 λαμπρότης
1661 1597 1775 1664 invita
1787 1597 1943 1662 Themist.
1957 1595 2071 1680 eap.V

262 1705 318 1784 (εἰς
341 1701 369 1768 δ’
390 1704 566 1788 Ὀλυμπίαν
589 1706 695 1770 itudo
717 1707 771 1769 καί
795 1707 1040 1788 διαμιλλώμενος
1063 1715 1109 1790 τῷ
1135 1707 1257 1789 Κίμωνι
1280 1709 1350 1790 περὶ
1373 1709 1480 1772 δεῖπνα
1505 1707 1557 1771 καί
1581 1707 1699 1790 σκηνὰς
1721 1707 1779 1770 καί,
1797 1705 1853 1787 τὴν
1873 1705 1969 1787 ἀλλην
1991 1705 2070 1786 λαμ-

260 1813 399 1896 πρότητα
422 1813 475 1876 καί
497 1814 723 1896 παρασκευήν),
748 1819 803 1878 aut
826 1815 954 1887 ἁπαλὸς,
979 1811 1063 1896 quod
1088 1821 1119 1878 et
1143 1814 1262 1900 optime
1297 1814 1467 1900 opponitur
1501 1813 1662 1880 adiectivo
1686 1813 1829 1896 γλίσχρος
1852 1815 1885 1874 et
1909 1829 2071 1894 compara-

262 1919 347 1986 tione
371 1939 442 1984 oum
466 1918 549 1983 lerro
573 1918 655 1984 infra
678 1919 824 1984 instituta
847 1920 1096 1986 commendatur.

250 2061 259 2074 ·
369 2025 419 2092 An
442 2025 510 2092 seni
534 2026 575 2091 sit
597 2025 740 2110 gerenda
752 2048 835 2112 resp.
860 2049 931 2112 cap.
944 2027 1005 2092 IV:
1030 2031 1083 2093 aul
1107 2031 1166 2113 γὰρ
1189 2039 1243 2114 τῆς
1265 2030 1422 2113 πολιτικῆς
1444 2031 1555 2112 ἀρετῆς
1578 2029 1681 2098 οὕτως
1703 2025 1870 2088 ἀπόλλυνται
1893 2024 1927 2087 τὸ
1944 2025 2070 2106 ἀξίωμα

262 2133 374 2200 καὶτὸ
396 2135 534 2216 μέγεθος
555 2135 636 2216 πρός
659 2159 742 2206 τινας
765 2137 947 2220 οἰκονομίας
970 2137 1023 2201 καί
1046 2138 1281 2220 χρηματισμοὺς
1304 2137 1468 2220 ἀγομένης.

371 2240 463 2312 Τίνας
485 2261 588 2323 neque
612 2241 693 2323 loco,
716 2242 748 2307 in
773 2263 835 2324 quo
860 2249 908 2306 est
930 2243 1069 2327 positum
1093 2243 1245 2323 (debebat
1268 2241 1332 2306 dici
1357 2244 1539 2326 οἰκονομίας
1561 2241 1675 2318 τινάςλ)
1699 2237 1972 2321 nequesententia
1988 2257 2071 2300 com-

262 2346 440 2414 mendatur.
487 2347 635 2426 Queritur
659 2349 743 2413 euim
766 2349 966 2433 Plutarchus,
991 2349 1076 2432 ‹lood
1100 2351 1259 2436 principes
1283 2351 1400 2416 (imissa
1424 2349 1467 2414 rei
1492 2349 1640 2434 publicae
1664 2367 1741 2412 eura
1764 2345 1806 2410 ad
1835 2345 1880 2410 roi
1905 2342 2071 2408 familiare

262 2457 516 2540 procurationem
541 2463 572 2520 et
596 2463 762 2538 quaestum
787 2455 968 2522 laciendum
996 2455 1201 2523 (lescendant.
1260 2457 1309 2520 De
1345 2455 1459 2540 quibus
1483 2453 1559 2537 qnid
1595 2455 1729 2518 senserit
1752 2453 1904 2518 discimus
1927 2470 1968 2515 cx
1991 2449 2072 2514 eius·

263 2562 336 2629 dem
360 2561 476 2648 capitis
499 2565 518 2644 ξ
542 2564 578 2628 3:
615 2567 759 2647 ἐργασίας
783 2589 816 2647 γε
837 2567 902 2648 μίγν
924 2567 1086 2649 βαναύσου
1110 2566 1163 2628 καί
1186 2566 1337 2648 ἀγοραίας
1359 2566 1510 2627 ἅπτεσθαι
1533 2563 1611 2644 μετὰ
1634 2562 1786 2630 πολιτείας
1809 2559 1919 2641 ὅμοιόν
1943 2559 2004 2622 ἐστι
2026 2565 2073 2638 τῴ

263 2671 410 2754 γυναικὸς
432 2672 601 2754 ἐλευθέρας
623 2673 676 2736 καί
699 2675 869 2754 σώφρονος
891 2675 1010 2755 ἔνδυμα
1033 2674 1263 2754 περισπάσαντα
1287 2672 1340 2734 καί
1362 2672 1526 2752 περίζωμα
1551 2669 1643 2732 δόντα
1668 2669 1805 2748 συνέχειν
1828 2666 1878 2753 dui
1893 2665 2071 2746 καπηλείου.

263 2785 295 2844 et
319 2798 390 2862 cap.
415 2779 445 2842 I:
470 2779 607 2843 Πολλῶν
631 2781 665 2844 δὲ
687 2787 799 2844 κακῶν
823 2781 972 2863 οὐδεμιᾶς
994 2779 1084 2863 ἦττον
1107 2781 1243 2862 ἀπραξία
1267 2779 1320 2842 καὶ
1344 2777 1437 2840 δειλία
1460 2777 1513 2840 καί
1536 2776 1674 2858 μαλακία
1690 2773 1948 2856 καταισχύνουσιν
1970 2771 2072 2852 ἀνδρα

262 2888 447 2972 πρεσβύτην,
471 2890 506 2952 ἐκ
522 2889 688 2952 πολιτικῶν
711 2890 847 2971 ἀρχείων
869 2889 1105 2971 καταδυόμενον
1121 2889 1163 2957 εἰς
1179 2887 1340 2967 οἰκουρίαν
1363 2889 1520 2966 γυναικῶν
1537 2887 1555 2966 ἢ
1572 2878 1639 2946 κατ’
1665 2880 1763 2963 ἀγρὸν
1784 2881 1951 2962 ἐφορῶντα
1974 2878 2071 2942 καλα-

261 2997 394 3080 μητρίος
416 2996 470 3059 καί
492 2997 643 3077 θεριστάς.
689 2996 803 3078 Itaque
826 2995 983 3060 sententia
1006 2995 1077 3079 ipsa
1099 2993 1260 3078 postulare
1284 2989 1419 3072 videtur,
1455 2995 1489 3053 ut
1524 3009 1581 3073 pro
1615 3013 1698 3059 τινας
1732 2985 1889 3052 scribatur
1917 2985 2069 3054 ταπεινὰς.

263 3101 304 3167 cs.
329 3099 369 3166 de
394 3099 513 3166 adulat.
539 3107 570 3165 et
593 3102 696 3166 amico
720 3121 791 3186 cup.
816 3101 947 3168 XXIII:
983 3105 1015 3167 ἒν
1037 3108 1103 3171 ταῖς
1137 3103 1278 3182 αλσχραῖς
1311 3099 1364 3162 καί
1386 3103 1541 3167 ταπειναῖς
1564 3097 1617 3160 καί
1646 3096 1773 3170 ἀδόξοις
1796 3094 1965 3161 διακονίαις
1989 3091 2068 3154 ἀπό-

262 3233 385 3296 χρησαι,
408 3211 560 3291 πάτησονε
586 3209 679 3272 οὐδὲν
702 3211 815 3292 ἡγεῖται
839 3208 920 3288 (scil.
945 3212 963 3292 ἡ
988 3209 1149 3287 κολακεία)
1174 3207 1274 3270 δεινόν
1297 3207 1371 3270 οὐδὲ
1395 3205 1578 3287 ὑβριστικόν.

370 3314 486 3380 Multos
509 3315 597 3380 locos
620 3321 746 3380 constet
769 3321 933 3400 corruptos
956 3334 1025 3380 esse
1049 3333 1088 3378 eo
1112 3313 1196 3397 quod
1221 3332 1292 3378 oum
1316 3311 1358 3376 ad
1382 3311 1508 3396 plenam
1532 3307 1722 3375 sententiam
1745 3306 1895 3372 nonnulla
1922 3303 2072 3370 deessent

265 3442 306 3488 ex
329 3421 594 3507 praecedentibus
618 3421 782 3507 scriptoris
805 3420 911 3488 vorbis
934 3421 1121 3506 supplenda,
1157 3421 1280 3486 scribae
1316 3439 1398 3501 quae
1425 3415 1701 3500 subintellegenda
1724 3419 1839 3494 essent,
1876 3411 2072 3477 haesitantes

264 3550 322 3596 sua
345 3567 388 3576 -
411 3529 517 3594 aliena
540 3530 691 3614 pleraque
715 3537 747 3594 et
770 3529 909 3596 absurda
931 3567 975 3576 -
999 3529 1134 3594 orationi
1156 3528 1363 3594 inseruerunt.
1399 3525 1497 3591 Cuius
1520 3525 1565 3589 rei
1589 3524 1721 3588 inlustre
1736 3520 1916 3605 exemplum
1941 3517 2072 3584 exhibet

265 3637 481 3702 conclamatus
504 3637 673 3720 multisque
696 3637 865 3703 multorum
900 3636 1090 3703 coniecturis
1124 3640 1297 3719 temptatus
1330 3633 1420 3698 locus
1448 3631 1488 3697 de
1512 3631 1735 3716 superstitione
1759 3648 1830 3712 cap.
1856 3627 1911 3710 IV,
1947 3627 2000 3691 ubi
2025 3625 2072 3690 sic

265 3745 396 3828 legitur:
421 3742 471 3808 εἶτ’
497 3742 581 3809 οὗτοι
604 3743 638 3824 (ἰ.
663 3765 690 3809 e.
715 3747 745 3807 oi
768 3745 1001 3826 δεισιδαίμονες)
1024 3744 1059 3807 τό
1084 3743 1240 3808 δουλεύειν
1263 3743 1406 3824 ἀτύχημα
1431 3742 1577 3823 ἡγοῦνται
1599 3738 1652 3801 καί
1675 3737 1811 3819 λέγουσιε

375 3853 523 3936 „decorius
546 3853 636 3934 ἀνδρὶ
657 3853 712 3916 καί
735 3852 855 3934 γυναικί
878 3851 1029 3934 συμφορὰ
1053 3851 1188 3920 δούλους
1211 3851 1354 3931 γενέσθαι
1389 3848 1539 3916 δεσπότας
1562 3869 1593 3908 τε
1617 3845 1775 3926 δυσχερεῖς
1798 3838 1934 3924 λαβεῖν“.
1980 3839 2073 3922 πόσῳ

267 3961 301 4024 δὲ
325 3960 497 4040 δεινότερον
520 3960 624 4022 οἴεσύε
645 3962 775 4042 πάσχειν
798 3959 911 4028 αὐτοὺς
946 3958 1178 4040 ἀνεκφεύκτους
1212 3956 1471 4036 ἀναποδράστους
1493 3952 1725 4018 ἀνυποστάτους
1748 3950 1979 4031 λαμβάνονταςς
2015 3947 2072 4010 αύ-

265 4067 337 4138 τούς
360 4065 393 4131 in
416 4065 574 4131 nonnullis
597 4066 724 4150 optimis
748 4064 842 4130 codd.
867 4063 978 4130 deesse
1002 4070 1137 4128 testatur
1159 4061 1424 4142 uernularum
1449 4059 1533 4125 idem
1558 4064 1645 4122 reete
1668 4062 1784 4130 monet,
1810 4057 1919 4128 δεινόν,
1943 4055 2072 4118 δεινότε-

266 4199 324 4256 ρον
345 4177 475 4256 πάσχειν
497 4193 554 4257 pro
578 4174 694 4238 usitato
719 4175 811 4248 δεινά,
836 4174 990 4254 δεινότερα
1013 4173 1151 4254 πάσχειν,
1187 4170 1237 4234 vel
1261 4170 1362 4234 δεινόν
1384 4193 1410 4231 τι
1432 4169 1560 4249 πάσχειν
1584 4163 1778 4230 ratissimum
1802 4181 1882 4228 esse.
1930 4161 2074 4246 Wyttcu-

266 4280 399 4347 bachius
422 4279 592 4364 legendum
617 4281 739 4346 censuit
772 4283 864 4362 πόσῳ
888 4281 947 4344 δεῖ
967 4281 1139 4360 δεινότερον
1162 4279 1283 4342 οἴεσθαι
1316 4277 1445 4357 πάσχειν
1468 4272 1606 4342 αύτούς
1633 4273 1798 4354 (λαβόντας
1821 4273 1980 4352 δυστυχεῖς
2004 4270 2074 4332 δεσ-

265 4391 386 4468 πότας).
433 4386 499 4452 Sed
524 4389 674 4459 δεσπότας
698 4385 852 4453 hocloco
877 4409 896 4451 a
920 4384 1092 4450 Plutarcho
1115 4386 1202 4469 ipsos
1225 4382 1303 4448 deos
1326 4380 1478 4464 intellegi,
1514 4387 1545 4444 et
1570 4399 1610 4444 ex
1633 4379 1682 4459 iis,
1712 4399 1794 4460 quae
1817 4378 1961 4464 proxime
1984 4395 2074 4460 prae-

268 4495 385 4562 cedunt
409 4497 440 4578 (ι)
466 4495 500 4560 δὲ
524 4495 743 4580 δεισιδαιμονία
768 4497 855 4560 βεῶν
889 4495 1025 4576 ἀλλαγὴν
1059 4493 1098 4556 ού
1122 4493 1258 4562 δίδωσιν,
1294 4485 1362 4554 οὐδ’
1387 4491 1466 4552 ἔστιν
1489 4489 1597 4570 εὑρεῖν,
1633 4489 1669 4550 ὃν
1699 4487 1737 4550 ού
1760 4487 1931 4568 φοβήσεται
1955 4483 2032 4548 dedu
2056 4484 2074 4547 ὁ

368 4710 393 4774 1)
414 4707 610 4778 Corrupteluo
630 4725 735 4762 ausam
757 4707 898 4778 praebuit
916 4708 931 4760 λ
951 4707 1052 4760 neseio
1075 4721 1135 4774 quo
1156 4719 1230 4758 casu
1250 4703 1399 4756 onrissum.

367 4799 393 4860 2)
413 4797 520 4868 Longe
540 4799 599 4850 alia
619 4805 662 4852 ost
683 4805 792 4850 natura
812 4813 915 4850 coruum
938 4797 1080 4860 locorum,
1101 4795 1153 4848 ubi
1173 4809 1285 4863 preigne
1304 4797 1348 4846 ost
1367 4794 1397 4845 in
1418 4792 1596 4861 pronomine
1615 4792 1668 4858 vis,
1688 4795 1722 4842 ut
1742 4789 1778 4842 do
1798 4787 1910 4841 adulat.
1931 4791 1960 4840 ut
1979 4787 2075 4840 arnico

269 4905 333 4958 cap.
354 4887 468 4942 XXIII:
488 4887 543 4942 ἀλλ’
564 4889 581 4956 ἦ
599 4887 754 4956 γεκσλακεία
774 4887 923 4941 τούναντίον
941 4885 969 4938 ἕν
987 4883 1035 4953 μὲν
1054 4893 1108 4944 ταῖς
1125 4885 1258 4942 ἐπιπόνοις
1286 4883 1331 4938 καὶ
1350 4883 1542 4958 arodi-ruborem
1568 4881 1720 4946 ὑπουργίαις
1748 4877 1921 4946 ἀναγορεύει*
1950 4877 2001 4930 κάν
2018 4877 2075 4928 δια·

267 4977 431 5046 πειρώμενος
451 4978 577 5046 κρούσῃς,
595 4977 697 5046 σαθρόν
716 4978 746 5030 ἔκ
766 4997 833 5035 τινος
853 4975 1015 5044 προφάσεως
1035 4975 1137 5044 ὑπηχεῖ.
1168 4973 1312 5026 Nullum
1335 4985 1447 5024 euulsa
1456 4987 1497 5036 111,
1517 4969 1614 5038 inquil
1636 4967 1816 5020 Plutarchus
1836 4981 1907 5020 11011
1928 4965 2077 5036 arripiunt

269 5067 450 5133 adulatores,
471 5073 505 5120 ut
525 5067 676 5120 laboriosa
695 5072 725 5120 ct
745 5065 914 5136 periculosa
933 5065 1098 5118 ministeria
1117 5063 1350 5130 subterfugiant.

367 5155 394 5220 3)
414 5157 444 5210 in
464 5156 480 5211 l.
501 5155 516 5210 l.
537 5171 607 5227 pag.
627 5155 669 5210 60.
