4588 5750
1197 338 1218 410 2

1099 435 1311 445 1-————..

297 551 447 630 ἀτάκτως,
472 553 502 620 ot
525 552 559 621 δὲ
581 563 661 639 τρεῖς
682 560 785 642 μῆνας
808 555 1063 642 ἐμμεμενηκότας
1091 560 1185 632 ὅλους
1208 561 1261 624 καὶ
1284 561 1322 625 τὰ
1345 547 1469 626 πλεῖστα
1493 567 1548 646 τῆς
1570 563 1679 646 χώρας
1697 559 2005 646 διαπεπορθηκότας·
2033 557 2112 628 Θεό-

299 687 427 746 πομπος
452 665 486 728 δέ
509 687 604 748 φησιν
638 665 699 748 ἤδη
729 671 793 730 τῶν
816 665 1034 749 Βοιωταρχῶν
1056 669 1245 750 ἐγνωκότων
1280 670 1429 750 ἀπαίρειν,
1465 670 1637 752 ἀφικέσθαι
1664 669 1747 752 πρὸς
1769 668 1883 740 αὐτοὺς
1910 669 2027 751 Φρίξον
2050 671 2112 734 κτλ.

297 769 416 834 Vitium
440 770 569 836 subesse
593 770 712 853 docuit,
739 772 826 837 nulla
849 779 884 836 ut
907 793 976 838 esse
1002 775 1102 858 possit
1126 773 1294 857 dubitatio,
1319 774 1535 858 Madvigium)
1560 773 1609 840 his
1625 775 1746 840 vorbis:
1774 773 1973 860 „Nihilvitio
1989 783 2112 841 senten·

296 876 360 941 tiae
384 882 416 940 et
439 875 592 942 orationis
618 878 830 960 manifestius,
866 900 940 945 nam
963 900 1066 963 nequo
1089 889 1153 953 τοῖς
1175 883 1278 953 ἄλλοις
1302 881 1495 967 respondere
1524 888 1630 966 potest
1653 881 1807 946 inlinitum
1833 885 1862 946 ol
1886 884 1929 956 δὲ,
1964 881 2021 947 sed
2045 905 2110 948 oer-

295 989 362 1048 tum
385 988 417 1047 et
440 983 604 1049 delinitum
630 984 761 1069 aliquid,
786 1007 805 1050 a
829 1007 891 1070 quo
915 987 961 1052 illi
984 995 1180 1073 separentur,
1204 1008 1308 1070 neque
1331 989 1395 1054 ullo
1418 988 1513 1054 modo
1537 995 1689 1072 tanquam
1712 989 1745 1052 in
1769 987 1926 1054 divisione
1951 991 2110 1056 contraria

296 1091 373 1176 poni
397 1098 529 1176 possunt
552 1095 720 1175 χειμώνων
744 1144 845 1158 .....
870 1096 1013 1166 ἀτάκτως
1036 1101 1068 1160 et
1090 1103 1170 1179 τρεῖς
1192 1104 1296 1180 μῆνας
1319 1147 1468 1160 .......
1493 1097 1790 1179 διαπεπορθηκότας
1814 1115 1946 1178 quorum
1966 1097 2021 1162 illu
2038 1118 2110 1163 cau-

295 1217 363 1262 sam
386 1195 600 1282 discessionis,
625 1197 706 1264 hacc
729 1205 854 1284 tempus
878 1203 1134 1268 commorationis
1157 1207 1189 1266 et
1212 1201 1361 1267 effectum
1385 1203 1576 1286 significant,
1612 1202 1669 1268 sed
1694 1201 1866 1267 cohaerent
1889 1209 1921 1267 et
1944 1223 2039 1268 uuam
2063 1204 2107 1269 f-

294 1303 381 1369 ciunt
405 1324 569 1370 summam.
604 1306 718 1388 Itaque
741 1306 791 1372 his
815 1309 959 1375 omnibus
984 1309 1191 1374 continuatis:
1216 1312 1421 1394 ἀναχωρῆσαι
1445 1311 1479 1374 δὲ
1501 1310 1573 1382 τοὺς
1601 1309 1762 1394 Θηβαίους
1785 1313 1815 1374 ol
1837 1311 1895 1393 μὲν
1911 1313 1996 1376 ἄλλοι
2019 1363 2105 1377 .....

295 1413 432 1494 διαρρεῖν
454 1413 605 1486 ἀτάκτως,
628 1420 708 1494 τρεῖς
729 1421 833 1498 μῆνας
856 1417 949 1486 ὅλους
1052 1417 1355 1499 διαπεπορθηκότας,
1380 1418 1571 1482 contrarium
1595 1417 1743 1481 insertur:
1772 1417 1964 1501 Θεόπομπος
1988 1420 2022 1483 δέ
2042 1445 2105 1504 φη-

293 1543 340 1582 σιν
363 1515 444 1582 κτλ.“
482 1518 595 1601 ltaque
619 1521 649 1583 oi
672 1520 706 1584 δὲ
730 1517 900 1586 delendum
923 1527 1025 1606 putat,
1049 1527 1084 1586 ut
1107 1521 1239 1606 inlatum
1263 1544 1283 1586 a
1306 1523 1420 1607 scriba,
1446 1543 1516 1589 curn
1540 1543 1603 1588 non
1626 1522 1817 1588 attendisset
1841 1525 1922 1588 inter
1945 1545 1979 1590 se
1995 1525 2104 1591 referri

293 1623 450 1692 inlinitum
485 1630 518 1690 et
539 1623 661 1690 linitum
696 1627 740 1706 (ol
772 1628 831 1710 μὲν
853 1629 939 1692 ἄλλοι
963 1677 1088 1692 ......
1116 1629 1308 1712 Θεόπομπος
1331 1631 1389 1710 δέ).
1436 1629 1502 1696 Sed
1526 1631 1671 1714 quamvis
1695 1629 1801 1696 stolidi
1831 1629 1946 1696 fuerint
1969 1633 2104 1716 scribae,

293 1736 328 1795 ut
351 1731 487 1814 luerunt,
512 1729 691 1797 cavendum
715 1738 832 1816 tamen,
856 1753 896 1798 ue
920 1754 975 1799 eus
998 1755 1102 1800 meros
1125 1735 1250 1822 lapides
1273 1737 1440 1822 fingamus,
1477 1740 1531 1822 qui
1555 1759 1658 1804 neca
1686 1737 1815 1822 quidem
1838 1737 1986 1821 viderint,
2023 1760 2104 1823 quac

292 1858 386 1903 manu
410 1844 518 1904 tencre
542 1846 681 1923 possent.
727 1841 828 1906 Immo
852 1841 884 1905 in
908 1867 937 1906 οι
961 1843 995 1906 δε
1018 1843 1169 1926 reliquias
1193 1843 1347 1911 habemus
1370 1845 1438 1910 eius
1462 1846 1547 1929 quod
1571 1846 1762 1912 Plutarchus
1785 1847 1925 1931 scripsit:
1962 1850 2103 1912 οἴκαδε.

293 1965 355 2028 quo
380 1947 433 2029 qui
457 1945 553 2012 facile
576 1965 634 2011 nos
657 1953 730 2032 post
752 1949 874 2012 ἀπιέναι
896 1951 950 2013 καί
974 1952 1110 2034 διαρρεῖν
1134 1972 1243 2017 carere
1266 1971 1359 2038 posse
1388 1960 1512 2039 putant,
1547 1955 1656 2018 iinon
1680 1955 1758 2020 satis
1793 1954 1955 2038 cognitum
1984 1953 2104 2020 habent

287 2051 455 2140 „Plutarchi
480 2072 569 2118 usum
593 2053 745 2136 loquendi
768 2055 809 2119 cf.
834 2054 1018 2133 Quaestion.
1042 2079 1181 2142 graecae
1205 2080 1276 2146 cap.
1300 2061 1359 2126 XI.
1395 2063 1545 2144 ἐμβάντες
1560 2062 1672 2133 εἰςτὰς
1695 2069 1771 2133 ναῦς
1794 2063 1824 2124 oi
1842 2061 2004 2144 Ἐρετριεῖς
2027 2063 2101 2126 ἀττέ-

290 2161 427 2224 πλευσαν
450 2162 566 2225 οἴκαδε.
613 2159 691 2226 ibid.
716 2181 787 2247 cap.
812 2162 924 2228 XVII:
964 2165 1114 2248 δλοβῶν
1137 2168 1337 2250 αἰχμάλωτον
1360 2169 1478 2252 ἀπῆγεν
1513 2169 1621 2233 οἴκαδε
1655 2170 1708 2232 καὶ
1741 2168 1896 2251 μεταδοὺς
1929 2169 2016 2232 ἁλῶν
2049 2169 2103 2232 καί

291 2270 447 2350 τραπέζης
470 2269 651 2351 ἀπέπεμπεν
674 2270 782 2334 οἴκαδε
817 2269 880 2350 (his
902 2268 936 2335 iu
959 2291 1022 2336 una
1045 2274 1226 2353 sententia).
1273 2275 1448 2339 amatoriae
1471 2277 1670 2340 narrationes
1694 2295 1765 2360 cap.
1789 2275 1854 2340 Ill:
1890 2277 1943 2339 aul
1964 2284 2010 2358 τῷ
2033 2277 2102 2358 θεῷ

291 2376 482 2458 χρησάμενοι
504 2376 575 2458 περὶ
598 2371 645 2440 ῶν
668 2376 801 2451 ἐδέοντο,
824 2378 916 2442 πάλιν
939 2379 1098 2462 ίττανῇσαν
1122 2381 1237 2445 οἴκαδε.

398 2481 473 2546 Vita
495 2481 620 2546 Luculli
644 2501 715 2568 cap.
739 2484 766 2566 1,
789 2483 825 2548 4:
861 2483 1038 2568 Γενόμενος
1073 2487 1108 2550 δὲ
1140 2488 1351 2570 πρεσβύτερος
1374 2489 1435 2570 ἤδη
1459 2490 1653 2552 παντάπασιν
1676 2489 1784 2570 ῶσπερ
1808 2489 1844 2551 ἐκ
1866 2490 1994 2553 πολλῶν
2017 2490 2101 2572 ἀγῶ-

290 2611 357 2652 νων
380 2589 484 2671 ἀφῆκε
506 2588 562 2670 τὴν
586 2589 724 2653 διάνοιαν
748 2590 781 2653 ἐν
804 2591 974 2674 φιλοσοφίᾳ
998 2593 1158 2675 σχολάζειν
1181 2594 1234 2657 καὶ
1257 2595 1476 2658 ἀναπαύεσθαι
1499 2595 1533 2658 τδ
1557 2595 1755 2676 θεωρητικὸν
1778 2595 1874 2678 αὐτῆς
1897 2597 2017 2678 ἐγείρας
2040 2597 2101 2660 κτλ.

289 2692 465 2758 Audiamus
488 2692 687 2778 Madvigium
711 2695 757 2760 sic
781 2694 822 2760 de
846 2695 1002 2764 hocloco
1026 2697 1290 2784 disputantem²):
1341 2701 1524 2786 ,l'articula
1547 2701 1655 2782 ὥσπερ
1680 2701 1950 2785 comparationem
1984 2703 2102 2786 signiti-

283 2807 352 2883 ·cat,
378 2819 459 2881 quae
483 2800 569 2866 nulla
592 2802 748 2884 sequitur:
773 2803 925 2886 ignavum
947 2807 1083 2880 πολλῶν,
1107 2805 1139 2870 in
1164 2826 1225 2888 quo
1249 2807 1349 2872 latere
1372 2806 1509 2872 arbitror
1531 2809 1706 2872 πολιτικῶν.
1753 2809 1790 2872 Ιιι
1814 2809 1850 2871 ἐκ
1884 2815 1940 2872 aut
1973 2808 2102 2894 partici-

290 2907 376 2991 pium
399 2913 454 2971 aut
478 2905 672 2972 adiectivum
695 2909 803 2975 subest
820 2913 959 2990 (ἕκνέων,
984 2911 1167 2992 ἔκπλεως).“

395 3012 461 3079 Sed
485 3015 520 3078 ἐκ
544 3021 630 3080 recte
653 3035 687 3081 se
711 3016 809 3082 hahet
832 3023 865 3083 ct
888 3019 1074 3086 vertendum
1102 3020 1242 3107 ,infulge
1266 3043 1337 3105 von,
1362 3020 1465 3088 αααλιιι
1502 3029 1536 3088 ut
1560 3023 1714 3088 sescentis
1748 3021 1827 3088 locis
1849 3042 1952 3104 ucquc
1975 3025 2101 3088 πολλῶν

288 3119 404 3186 iustam
426 3122 561 3206 praebet
584 3123 802 3189 offensionem.
849 3126 932 3192 Nam
956 3128 1116 3212 principes
1140 3135 1171 3194 et
1195 3128 1294 3196 duces
1318 3133 1393 3212 (quo
1417 3131 1449 3194 in
1473 3149 1603 3195 numero
1627 3129 1811 3194 Lucrinum.
1831 3129 1928 3194 luisse
1962 3135 2100 3211 constat)

288 3225 510 3314 philosophiae
534 3249 664 3314 operam
689 3229 766 3296 dare
790 3233 955 3318 incipiunt,
991 3235 1077 3318 capti
1113 3236 1220 3301 taedio
1244 3237 1413 3302 multorum
1438 3238 1656 3319 certaminum,
1681 3256 1763 3318 quae
1787 3235 1926 3320 publica,
1949 3238 2099 3310 πολιτικά,

288 3355 357 3400 csse
382 3354 452 3400 curn
476 3356 534 3420 per
556 3355 591 3401 sc
614 3345 780 3423 appareat,
804 3339 881 3422 quid
904 3341 1018 3404 attinet
1042 3340 1173 3406 dicere?
1208 3343 1321 3410 Restat
1344 3343 1502 3409 dubitatio
1526 3343 1566 3408 de
1590 3343 1772 3409 sinceritate
1788 3343 1965 3428 particulae
1981 3345 2116 3426 ὥσπερ,

288 3441 320 3506 in
344 3461 407 3525 qua
431 3450 462 3507 ct
486 3441 668 3528 Madvigius
692 3451 779 3512 recte
814 3445 918 3511 haesit
946 3453 979 3512 et
1002 3449 1159 3512 nerninem
1190 3470 1253 3514 non
1276 3449 1446 3516 haesurrun
1470 3450 1617 3516 arbitror.
1675 3450 1765 3528 Quae
1800 3455 1887 3515 recte
1910 3471 1945 3515 sc
1969 3450 2100 3516 habehit

288 3546 400 3612 addito
424 3550 508 3621 εἰκὸς
531 3549 616 3632 quod
641 3557 673 3616 et
695 3554 853 3618 seruientia
876 3553 1037 3639 postulare
1061 3554 1188 3620 videtur
1211 3562 1243 3620 et
1266 3564 1340 3621 autc
1364 3560 1399 3622 ἐκ
1424 3558 1519 3623 facile
1542 3559 1646 3643 potuit
1669 3557 1829 3622 excidere.
1865 3556 1907 3622 cf.
1925 3558 2099 3622 consolatio

287 3654 330 3720 ad
346 3655 450 3740 Apoll.
470 3675 541 3742 cap.
555 3657 714 3723 XXXIV:
739 3659 784 3724 Εί
800 3657 827 3724 δ’
841 3662 935 3725 ὁτῶν
957 3664 1101 3726 παλαιῶν
1123 3669 1262 3746 ποιητῶν
1278 3688 1309 3726 τε
1331 3665 1385 3727 καί
1408 3666 1595 3748 φιλοσόφων
1618 3666 1711 3746 λόγος
1734 3665 1813 3728 ἐστὶν
1836 3667 1966 3748 ἀληθής,
1990 3665 2098 3744 ὥσπερ

288 3764 380 3836 είκός,
404 3763 484 3846 ἔχειν
507 3766 600 3828 οὕτω.
647 3764 688 3830 de
711 3785 783 3831 sera
805 3768 942 3834 numinis
966 3768 1110 3834 vindicta
1134 3791 1205 3854 cap.
1230 3771 1324 3834 VIII:
1359 3771 1528 3854 Λεγόντων
1552 3772 1595 3846 δὲ,
1625 3771 1691 3835 οἷον
1714 3771 1805 3844 εἰκὸς,
1828 3777 1893 3835 τῶν
1915 3771 2097 3852 παρόντωνε

282 3871 462 3953 Ἄνθρωπε,
486 3872 515 3934 τί
533 3871 653 3937 παθὼν
675 3875 768 3956 ἔργον
791 3876 893 3946 οὕτως
916 3877 1086 3941 ἀλλόκοτον
1109 3879 1263 3960 tarpeiae,
1288 3879 1350 3941 κτλ.

374 3977 470 4042 -vita
482 3979 572 4043 Arati
597 3999 667 4064 cap.
681 3980 728 4044 X:
748 3979 809 4045 Ἠν
833 3979 1001 4066 δ’Ἄρατος
1025 4033 1244 4048 ..........
1268 3986 1399 4068 πολέμῳ
1423 3987 1477 4049 καί
1499 3987 1600 4068 ἀγῶνι
1620 3985 1799 4068 χρήσασθαι
1823 3991 1971 4068 φανερῶς
1995 3987 2097 4067 ἀθαρ-

287 4083 344 4168 σὴς
367 4086 420 4148 καὶ
444 4087 595 4158 δύσελπις,
630 4089 744 4171 κλέφαι
768 4089 802 4153 δὲ
824 4092 992 4173 πράγματα
1016 4091 1069 4155 καί
1092 4093 1346 4156 συσκευάσασθαι
1369 4094 1479 4175 κρύφα
1502 4094 1606 4164 πόλεις
1627 4093 1680 4156 καί
1702 4093 1873 4174 τυράννους
1896 4093 2097 4176 ἐπηβολώτα-

285 4215 345 4262 τος.
392 4191 509 4256 Aratus
533 4199 564 4256 ct
587 4191 678 4258 initio
702 4193 844 4260 eiusdem
868 4198 983 4282 capitis
1018 4197 1115 4264 l'uisse
1139 4197 1257 4264 dicitur
1290 4205 1413 4281 πικρῶς
1435 4195 1670 4282 μισοτύραννος
1696 4204 1728 4263 ct
1762 4202 1846 4285 (cap.
1871 4197 2011 4273 XXXV)
2035 4195 2098 4280 Ly-

287 4296 410 4378 diadcst,
434 4301 530 4363 αὐτοῦ
554 4303 719 4385 κατηγόρει
743 4303 790 4375 ὡς
813 4305 977 4388 δυσμενῶς
1000 4307 1053 4370 καί
1076 4307 1291 4377 ἀδιαλλάκτως
1314 4307 1360 4370 ἀεὶ
1382 4307 1464 4388 πρὸς
1486 4307 1559 4378 τοὺς
1581 4307 1753 4388 τυράννους
1776 4310 1908 4390 ἔχοντος.
1952 4303 2098 4369 Eundem

286 4403 477 4470 Plutarchus
501 4407 599 4472 tradit
623 4409 707 4492 (cap.
721 4408 765 4490 X)
788 4413 1013 4495 μεγαλόφρονα
1037 4412 1135 4478 fuisse
1159 4419 1191 4478 ct
1215 4415 1364 4496 ὁμονοίας
1387 4415 1494 4478 ἐθνῶν
1516 4415 1569 4478 καὶ
1592 4416 1759 4484 κοινωνίας
1781 4414 1905 4476 πόλεων
1933 4412 1986 4475 καὶ
2009 4436 2097 4476 συνε-

286 4513 376 4593 δρίου
399 4515 452 4576 καλ
475 4515 610 4598 θεάτρου
633 4518 709 4598 μίαν
732 4519 847 4602 φωνὴν
870 4520 1014 4602 ἀφιέντος
1037 4521 1083 4592 ῶς
1106 4522 1266 4592 οὐδενὸς
1289 4521 1406 4584 ἄλλου
1440 4527 1516 4585 τῶν
1544 4523 1673 4586 καλῶν
1707 4521 1873 4602 ἐραστήν.
1931 4517 2096 4584 Eiusmodi

285 4615 420 4684 hominis
444 4619 521 4685 nihil
545 4623 657 4706 ruimus,
682 4623 804 4708 opinor,
828 4645 898 4690 essc
922 4632 1027 4710 potest
1052 4645 1147 4710 quarn
1171 4629 1419 4701 συσκευάζεσθαι
1441 4629 1546 4700 πόλεις
1568 4653 1588 4692 κ
1601 4629 1644 4692 αλ
1666 4629 1846 4709 τετράπους,
1870 4623 1927 4690 sed
1943 4627 2096 4690 συσκευά-

285 4727 393 4800 ζεσθαι
415 4727 520 4798 πόλεις
542 4731 614 4793 ἐπὶ
635 4732 815 4814 τυράννους.
862 4731 956 4811 erod
980 4733 1058 4816 quid
1081 4735 1141 4800 sibi
1166 4734 1253 4818 volit,
1278 4733 1438 4800 (lucebunt
1465 4734 1498 4798 hi
1523 4735 1584 4799 loci
1609 4731 1848 4798 Dentosthc-nis:
1884 4733 1954 4816 περὶ
1977 4739 2041 4796 τῶν
2064 4733 2098 4795 ἐν

392 4977 417 5038 l)
437 4976 614 5032 adversaria
635 4979 739 5032 critica
759 4995 829 5049 pag.
848 4981 891 5035 87.

389 5065 418 5132 2)
437 5067 466 5118 in
487 5065 563 5120 libro
583 5068 707 5122 laudato
729 5083 798 5138 pag.
818 5069 878 5123 590.
