4588 5750
1100 441 1121 505 3

1002 533 1215 540 -—-.--—-.--—

203 661 335 742 Χερρον.
382 660 451 736 §fn
476 657 656 737 (Φίλιππος)
672 658 890 730 συσκευάζεται
914 658 1032 726 πάντας
1055 657 1249 738 ἀνθρώπους
1272 652 1322 738 ἐφ’
1347 656 1438 736 ὑμᾶς.
1485 651 1562 716 ibin.
1587 653 1655 733 §th
1680 654 1780 716 πάντα
1804 655 1839 716 δὲ
1860 653 1914 716 τὸν
1936 653 2011 736 χρό-

200 791 256 832 νον
278 771 419 850 συνεχιῖις
441 765 478 828 τά
501 765 691 828 τῶνᾶλλων
710 763 869 845 Ἑλλήνων
892 763 944 826 καί
967 764 1144 846 βαρβάρων
1165 763 1339 846 λαμβάνων
1361 761 1414 824 καὶ
1437 757 1488 842 έφ’
1512 762 1597 843 ἡμᾶς
1619 761 1914 843 συσκευαζόμενος·
1933 759 2013 826 Oun-

201 875 276 939 lerri
299 873 395 938 etiam
419 877 549 958 possunt
574 869 605 934 hi
630 869 691 935 loci
716 867 880 934 Plutarchi
904 869 971 934 vita
994 869 1141 936 Caesaris
1164 889 1237 954 cap.
1261 869 1358 934 XXI:
1383 869 1436 932 καὶ
1460 867 1520 950 γάρ
1543 867 1638 940 αὐτὸς
1660 867 1695 932 εὖ
1717 869 1854 950 δέμενος
1875 867 1913 932 τὰ
1932 868 2012 934 κατὰ

201 983 257 1064 τὴν
280 981 434 1044 Γαλατίαν
455 980 547 1043 πάλιν
570 979 602 1042 έν
624 985 688 1048 τοῖς
710 977 780 1060 περί
804 975 918 1041 Πάδον
951 979 1080 1060 χωρίοις
1115 978 1287 1060 διεχείμαζε
1321 975 1592 1057 συσκευαζόμενος
1620 975 1676 1058 τὴν
1697 975 1795 1038 πάλιν.
1841 973 1908 1040 vlta
1931 973 2013 1040 Pho·
2041 1039 2044 1046 Α

201 1088 301 1152 clunis
324 1107 352 1152 e.
377 1085 524 1152 XXXII:
560 1085 842 1166 Συσκευαζόμενος
866 1085 926 1166 γὰρ
950 1087 993 1156 είς
1016 1085 1126 1149 ἑαυτὸν
1149 1086 1168 1149 δ
1191 1083 1432 1172 Πολυσπέρχων
1455 1083 1513 1165 τὴν.
1532 1082 1635 1146 πόλιν·
1658 1082 1721 1146 ιιτλ.
1773 1082 1823 1146 De
1847 1081 2012 1148 mulierum

200 1196 272 1260 virt.
296 1194 414 1274 (Micca
436 1199 468 1256 et
492 1191 657 1275 Megistol:
683 1193 716 1254 έν
738 1192 796 1274 μέν
818 1199 856 1274 τῇ
878 1193 965 1256 πόλει
988 1194 1153 1274 συνέστησε
1174 1195 1288 1273 πρᾶξιν
1310 1191 1360 1254 ἐπὶ
1382 1190 1436 1253 τὸν
1458 1190 1612 1272 τύραννον
1630 1189 1811 1262 Ἑλλάνικος
1833 1189 1930 1256 simil.

302 1299 371 1364 Ἐπὶ
394 1305 467 1384 post
489 1299 627 1368 πόλεις
650 1295 823 1380 intercidit,
848 1317 911 1380 qno
934 1297 1022 1363 laeto
1046 1299 1198 1362 insertum
1222 1303 1271 1362 cst
1293 1299 1355 1361 καί

306 1407 355 1472 Ile
379 1403 537 1490 capienda
560 1424 600 1470 ex
625 1403 762 1469 inimicis
785 1403 922 1470 utilitate
945 1425 1017 1490 cap.
1042 1405 1105 1470 lll:
1241 1403 1285 1468 Tol
1309 1410 1460 1469 νοσοῦντα
1494 1410 1551 1467 τοῦ
1579 1405 1651 1486 βίου
1674 1405 1728 1468 καὶ
1751 1405 1858 1486 φαῦλα
1881 1405 1935 1468 καὶ
1956 1429 2012 1470 πε-

198 1517 340 1582 πονδύτα
364 1519 443 1578 κινεῖ
461 1511 515 1576 τὸν
538 1511 656 1594 έχδρδν
678 1512 732 1576 καί
754 1511 835 1594 πρὸς
856 1509 940 1576 ταῦτ’
966 1515 996 1576 οἱ
1017 1519 1179 1595 μισοῦντες
1202 1513 1325 1593 ᾄττουσι
1347 1511 1400 1574 καί
1422 1512 1544 1574 τούτων
1559 1513 1705 1574 ἅπτονται
1727 1511 1781 1576 καί
1797 1511 2012 1594 σπαράττουσι.

201 1618 289 1686 ΊΙιῦτ’
315 1619 372 1685 οὐν
395 1619 556 1702 ιύηνελιμάν
579 1621 655 1700 ἕσας
679 1620 762 1682 πάνυ
784 1619 843 1701 μέν
866 1618 933 1693 οὐν,
968 1620 1201 1702 εὐλαβούμενον
1224 1621 1281 1702 ζῆν
1304 1619 1357 1682 καὶ
1384 1619 1547 1701 προσέχειν
1570 1620 1674 1700 ἑαυτῷ
1696 1618 1749 1682 καλ
1771 1621 1850 1702 μήτε
1872 1621 2013 1702 πράττειν

197 1729 298 1812 μηδὲν
321 1729 484 1808 ὀλιγώρως
507 1727 560 1790 καλ
583 1728 818 1808 ἀπερισκέπτως
840 1728 918 1809 μήτε
941 1727 1038 1809 λέγειν
1061 1727 1123 1790 κτλ.
1181 1727 1218 1790 Iu
1242 1723 1291 1790 his
1314 1725 1450 1810 primum
1485 1723 1563 1790 satis
1586 1725 1693 1810 inepte
1716 1725 1894 1808 queantur:
1930 1723 2011 1790 τοῦτ’

199 1835 255 1900 odo
279 1835 439 1916 ὠφέλιμόν
462 1835 537 1914 eoru
563 1832 604 1897 de
628 1851 672 1914 re,
697 1852 791 1916 quarn
816 1833 983 1917 perutilem
1019 1853 1099 1914 esso,
1135 1839 1169 1898 ut
1193 1833 1317 1898 Horatii
1341 1851 1412 1897 mea
1440 1831 1568 1914 faciam,
1605 1832 1749 1898 omnibus
1772 1833 1867 1918 lippis
1890 1838 1923 1898 ct
1945 1839 2012 1898 ton·

197 1941 321 2006 sorihus
344 1947 453 2004 uotum
478 1946 511 2004 et
533 1945 621 2004 recte
644 1938 738 2004 docet
751 1937 945 2004 Abraschius
956 1943 990 2022 ¹),
1015 1941 1046 2004 in
1071 1938 1225 2006 eiusmodi
1249 1939 1552 2023 interrogationibus
1576 1940 1757 2024 scriptores,
1782 1960 1853 2006 cum
1881 1961 2011 2026 exspec-

197 2053 273 2126 tent,
299 2066 483 2132 responsum
507 2045 733 2112 affirmativum
757 2045 818 2112 sibi
841 2044 951 2112 datum
975 2047 1023 2127 iri,
1048 2047 1093 2112 uti
1117 2046 1232 2112 voerrla
1256 2045 1475 2130 interrogandi
1498 2045 1561 2130 δρα
1586 2067 1655 2112 curn
1674 2047 1831 2112 vocabulo
1855 2049 1915 2112 οὐκ
1939 2067 2011 2112 eon·

197 2155 314 2222 iuncta.
361 2153 496 2234 Deinde,
532 2152 565 2218 id
601 2152 687 2236 quod
722 2153 820 2218 multo
844 2153 974 2236 gravius
997 2161 1056 2236 cst,
1091 2153 1262 2218 sitradltu
1285 2153 1381 2218 lectio
1405 2173 1482 2219 vera
1505 2161 1563 2232 ast,
1600 2153 1790 2220 Plutarchus
1819 2154 1864 2220 ita
1887 2155 2011 2220 locutus

142 2277 150 2292 ·
195 2267 253 2342 est,
290 2267 333 2342 ut,
368 2262 401 2325 in
426 2281 488 2343 quo
513 2259 611 2325 cardo
634 2260 681 2325 rei
704 2265 855 2342 vertatur,
891 2277 1020 2344 prorsus
1054 2261 1171 2326 oblitus
1194 2261 1245 2326 sit.
1292 2259 1376 2339 Quid
1412 2260 1495 2326 enim
1519 2260 1621 2326 dicit?
1667 2261 1807 2326 Primum
1831 2261 1908 2326 utile
1930 2281 2011 2343 esse,

195 2369 340 2434 inimicos
365 2368 442 2432 vitia
465 2375 575 2432 nostra
599 2367 740 2451 arripere
763 2372 795 2431 ct
819 2367 1033 2451 perstringere
1057 2369 1105 2446 (ol
1129 2375 1280 2432 νοσοῦντα
1304 2375 1359 2432 τοῦ
1382 2370 1453 2451 βίου
1477 2369 1530 2432 unt
1552 2369 1658 2451 φαῦλα
1760 2375 1839 2434 κινεῖ
1858 2367 1912 2432 τὸν
1934 2369 2010 2452 ἐχύ-

195 2476 253 2558 ρὸν
276 2475 329 2538 καί
353 2477 383 2538 ol
404 2481 567 2556 panocetae
667 2474 788 2536 τούτων
810 2475 957 2538 ἅπτονται
980 2475 1033 2538 καί
1056 2477 1276 2557 σπαράττουσι)
1312 2473 1428 2538 deiude
1456 2473 1533 2539 utile
1568 2493 1637 2540 esse
1672 2477 1758 2554 (natu
1782 2474 1824 2540 ad
1847 2477 1931 2540 πάνυ
1953 2474 2012 2558 μὲν

195 2581 252 2646 σιἰν
276 2579 488 2666 supplendum
512 2587 561 2646 cst
584 2581 745 2664 ὠφέλιμόν
768 2581 842 2660 ἐστι)
877 2588 970 2646 caute
994 2581 1104 2646 rivere
1137 2599 1241 2663 neque
1276 2581 1327 2646 vel
1362 2580 1469 2646 dicare
1493 2579 1666 2664 quidquam
1698 2581 1749 2647 vel
1772 2601 1869 2665 agera
1892 2587 2011 2648 temera

194 2696 250 2754 arnt
274 2687 520 2754 inconsiderate.
578 2687 668 2766 Quae
702 2695 737 2752 ut
771 2707 921 2771 magnam
957 2707 998 2753 ex
1032 2685 1170 2754 inimicis
1203 2688 1374 2754 utilitatem
1410 2688 1483 2774 capi
1517 2688 1609 2754 nobis
1636 2687 1947 2774 persuaderetur-
1970 2686 2011 2754 da

195 2797 282 2864 nulla
305 2801 412 2862 autem
435 2797 500 2862 alia
523 2817 557 2862 rc
580 2796 686 2880 agitur
709 2833 753 2842 —
776 2795 822 2862 ita
845 2800 921 2880 apte
945 2794 1162 2878 cohaererent,
1186 2797 1213 2862 si
1236 2796 1383 2881 scriptor,
1407 2794 1440 2860 id
1464 2794 1549 2878 qnod
1573 2815 1773 2879 nequaqnam
1797 2796 1942 2862 omittere
1958 2794 2011 2861 de

197 2903 303 2984 behet,
328 2902 506 2970 addidisset
530 2904 636 2968 onmia
659 2903 714 2968 illa
736 2903 806 2968 scil.
829 2904 865 2969 τδ
888 2905 1120 2987 εὐλαβούμενον
1139 2907 1195 2988 ζῆν
1218 2905 1272 2968 καλ
1293 2906 1459 2988 προσέχειν
1482 2905 1586 2987 ἑαυτῷ
1608 2904 1661 2968 καλ
1683 2907 1761 2987 μήτε
1784 2906 1926 2987 πράττειν
1948 2927 2010 2988 μη-

197 3011 250 3074 δὲν
274 3012 438 3094 ὀλιγώρως
460 3011 513 3076 καὶ
536 3013 771 3093 ἀπερισκέπτως
792 3013 870 3094 μήτε
893 3012 990 3092 λέγειν
1012 3010 1099 3075 nulla
1122 3011 1187 3076 alia
1210 3031 1244 3076 re
1266 3010 1380 3076 melius
1403 3009 1487 3076 albei
1512 3029 1607 3093 quam
1631 3030 1679 3092 eo,
1704 3009 1789 3093 quod
1812 3010 2011 3076 inimicorum

199 3117 330 3184 uocibus
353 3137 565 3202 carperenmr.
612 3117 733 3182 Deesse
768 3123 902 3202 apparet
937 3117 1149 3202 participium,
1186 3137 1260 3201 quo
1284 3137 1404 3183 causa
1428 3118 1694 3199 contincatur,
1719 3137 1787 3190 cur
1810 3117 1909 3200 quod
1934 3117 2009 3182 utile

199 3243 269 3290 esse
292 3231 389 3290 antea
411 3223 531 3290 dietum
555 3231 624 3291 crat
648 3224 729 3304 (scil.
752 3225 789 3288 τὰ
813 3232 964 3288 νοσοῦντα
993 3231 1048 3290 τοῦ
1082 3227 1153 3308 βίου
1188 3226 1241 3289 κοί
1275 3227 1381 3308 φαῦλα
1406 3275 1507 3288 .....
1531 3225 1751 3308 σπαράττουσι)
1776 3223 1809 3290 id
1833 3243 1908 3290 vere
1931 3223 2008 3290 utile
2077 3207 2082 3220 ¹

200 3350 269 3396 esse
291 3331 505 3416 intellegatur.
552 3331 589 3396 Id
614 3337 720 3396 autem
744 3331 776 3396 in
798 3331 964 3415 particulis
985 3332 1044 3414 μὲν
1067 3331 1124 3396 οὖν
1147 3330 1247 3396 latera
1271 3339 1347 3416 puto
1371 3329 1621 3414 legendumque:
1653 3329 1741 3398 λοίπ’
1767 3331 1824 3396 οὖν
1847 3333 2008 3416 ὠφέλιμόν

200 3439 261 3500 ἔστι
283 3440 374 3510 πάνυ,
399 3441 586 3520 ἐμποιοῦν
609 3439 841 3520 εὐλαβούμενον
864 3439 996 3521 ζῆνκαὶ
1019 3440 1182 3520 προσέχειν
1205 3441 1308 3521 ἑαυτῷ
1331 3439 1393 3502 κτλ.

306 3543 571 3610 Noenitlormula
594 3543 847 3626 frequentissime
871 3551 1024 3628 usurpata
1046 3547 1129 3608 πάνυ
1152 3546 1210 3628 μὲν
1234 3545 1299 3618 ode,
1325 3545 1414 3610 cuius
1438 3546 1469 3610 iu
1493 3551 1628 3610 urentem
1643 3546 1731 3610 venit
1754 3545 1879 3610 scribac
1895 3544 2008 3611 litteris

198 3675 252 3716 ποι
275 3657 349 3714 ποτε
373 3675 412 3715 oo
435 3649 558 3716 deletis.
605 3653 743 3734 ἐμποιεῖν
777 3657 825 3715 est
859 3651 962 3716 sineru
986 3657 1086 3716 etwas
1109 3651 1296 3736 beibringen
1326 3652 1368 3716 cf.
1393 3653 1476 3717 Xeu.
1500 3653 1603 3718 Arrah.
1628 3653 1670 3725 ΙΙ,
1699 3653 1730 3734 u,
1755 3653 1786 3716 8.
1829 3653 1950 3724 Ἱκανὸς
1973 3653 2007 3718 δὲ

199 3759 250 3822 καλ
274 3759 440 3842 ἐμποιῆσαι
462 3765 526 3828 τοῖς
547 3765 710 3840 παροῦσιν,
735 3759 780 3828 ὡς
802 3761 941 3822 πειστέον
963 3761 1009 3841 εἴη
1035 3759 1198 3842 Κλεάρχῳ.
1234 3759 1310 3824 Oce.
1337 3759 1428 3842 XXI,
1454 3761 1488 3824 l:
1519 3762 1694 3843 ἐρρωμένοι
1717 3761 1865 3843 ἄρχοντες
1888 3762 2006 3842 γίγνον-

200 3889 254 3936 ται,
278 3869 312 3928 οἳ
330 3867 370 3928 ἂν
393 3867 546 3929 δύνωνται
571 3867 737 3949 ἐμποιῆσαι
759 3873 823 3936 τοῖς
845 3867 1044 3946 στρατιώταις
1067 3867 1302 3949 ἀκολουθητέον
1335 3867 1411 3931 εἶναι
1445 3869 1498 3931 καὶ
1533 3849 1583 3931 διά
1618 3867 1719 3948 πνρδς
1742 3869 1794 3931 καί
1819 3867 1869 3931 διὰ
1892 3867 2007 3938 παντὸς

201 3971 353 4035 κινδύνου.
400 3972 483 4037 Plut.
508 3971 594 4055 Lyk.
619 3971 717 4036 XXX
741 3973 901 4055 έμποιεῖδ
925 3973 1032 4042 καλῶς
1054 3973 1143 4054 ἄγων
1165 3973 1199 4036 τὸ
1222 3973 1330 4044 καλῶς
1353 3975 1490 4038 έπεοδαι.

304 4077 398 4140 Πάνυ
422 4079 518 4143 etiarn
541 4079 583 4144 ab
607 4079 735 4164 optimis
769 4079 976 4163 scriptoribus
1010 4079 1209 4163 postponitur
1243 4077 1285 4144 ad
1320 4081 1497 4146 sententiae
1520 4081 1584 4147 vinr
1619 4079 1809 4164 augendam.
1857 4079 1898 4144 cf.
1923 4081 2005 4146 Xan.

198 4183 301 4248 Anah.
327 4184 382 4266 lv,
406 4185 437 4267 6,
464 4186 519 4250 14:
556 4188 700 4252 ἐντεῦθεν
722 4188 890 4268 δνύρωποι
923 4187 982 4270 μὲν
1016 4187 1111 4268 ὀλίγοι
1145 4189 1228 4250 πάνυ
1263 4187 1456 4271 ἐλήφθησαν,
1491 4189 1565 4271 βόες
1600 4189 1709 4253 δὲκαὶ
1732 4189 1800 4252 ὄνοι
1822 4187 1931 4251 πολλοὶ
1953 4188 2007 4252 καί

196 4291 348 4374 πρόβατα.

304 4397 470 4464 Demostlr.
494 4399 573 4463 κατὰ
597 4399 751 4471 Κόνωνος
775 4387 846 4485 cap.
870 4402 885 4465 Ι
910 4402 977 4466 luit.
1001 4402 1082 4466 ὥστε
1104 4401 1202 4466 πολὺν
1225 4402 1341 4484 χρόνον
1363 4405 1446 4466 πάνυ
1480 4405 1558 4485 μήτε
1580 4402 1652 4473 τοὺς
1675 4404 1809 4473 οἰκείους
1841 4405 1920 4486 μήτε
1942 4409 2006 4466 τῶν

197 4505 313 4584 ἰατρῶν
334 4507 456 4590 μηδένα
479 4509 663 4588 προσδοκᾶν
685 4511 938 4590 περιφευξεῖσδαι
961 4533 1009 4591 με.
1034 4509 1088 4588 (el.
1113 4507 1305 4573 Schliurauu.
1329 4508 1372 4573 ad
1395 4510 1520 4574 Isaeum
1545 4531 1619 4594 prag.
1643 4509 1732 4590 300).

303 4612 352 4678 Ne
376 4632 455 4695 (pros
478 4611 715 4678 fastidiosamm
739 4615 860 4678 aurium
886 4614 1028 4680 homines
1053 4615 1157 4680 hiatus
1180 4615 1332 4696 offendat,
1357 4616 1420 4680 iam
1444 4617 1634 4682 Sintenisius
1657 4614 1764 4680 (locuit
1773 4619 1798 4696 ²)
1822 4637 1883 4680 non
1908 4615 2005 4680 offon-

197 4716 273 4782 ‹lera
299 4717 428 4802 hiatum,
453 4721 506 4786 uhi
531 4719 747 4786 intercedente
770 4721 1024 4806 interpunctione
1047 4743 1149 4808 pausa
1171 4723 1238 4788 liat.
1288 4723 1422 4808 ,Hiatus
1445 4729 1519 4788 ante
1544 4743 1668 4790 comma
1691 4723 1794 4788 nullus
1817 4722 1884 4790 est“
1917 4725 2004 4806 (ller-

197 4823 375 4907 uardakis).

305 5075 331 5138 1)
350 5075 584 5131 Observationes
604 5077 726 5131 eritIcue
748 5076 788 5128 nd
809 5075 960 5130 Plutarchi
981 5079 1138 5131 moralium
1160 5079 1260 5148 cupito
1280 5078 1391 5130 solima
1412 5093 1481 5150 pag.
1501 5079 1544 5133 25.

303 5167 330 5230 2)
350 5167 380 5220 iu
401 5167 531 5222 editione
551 5171 680 5228 vitarum
702 5167 741 5222 lV
762 5183 833 5240 pag.
852 5168 913 5224 328.
