4588 5750
194 1721 657 1834 Observationes
694 1722 937 1834 criticae
981 1722 1045 1833 in
1095 1724 1424 1834 nonnullos
1471 1723 1630 1833 locos
1667 1716 1999 1832 Plutarchi.

1029 2009 1154 2083 Scripsit

863 2191 991 2290 Ilugo
1020 2187 1333 2272 wachendorf.

1042 2407 1148 2416 --.--

300 2599 466 2680 Quomodo
489 2601 678 2668 adulescens
706 2608 819 2688 poetas
842 2601 953 2667 audire
978 2601 1095 2668 debeat
1119 2624 1190 2689 cap.
1215 2603 1304 2668 VIII.
1356 2603 1432 2670 Οἷον
1455 2603 1646 2688 ὁἊχιλλεάς
1670 2653 1842 2667 ........
1867 2603 2001 2673 ἀνοοτάς

75 2691 78 2702 .
191 2711 229 2774 οὐ
254 2711 441 2794 δημαγωγεῖ
459 2711 540 2792 πρὸς
562 2710 616 2774 τὸν
639 2712 742 2794 ὄχλον,
767 2712 844 2774 ἀλλὰ
867 2720 914 2794 τῷ
937 2711 1058 2794 βασιλεῖ
1077 2713 1207 2794 γίγνεται
1231 2712 1412 2794 σύμβουλος
1435 2712 1497 2776 κτλ.

298 2819 505 2900 Δημογωγεῖν
528 2816 626 2881 γετίνα
650 2815 807 2882 deteriore
830 2817 885 2882 Illa
908 2818 1036 2882 notione
1060 2837 1169 2883 auram
1193 2818 1379 2903 popularem
1403 2816 1555 2902 captandi
1590 2816 1755 2903 plebisque
1780 2813 2001 2882 sollicitantlae

192 2923 381 2990 Plutarchus
404 2925 558 2989 sescentis
580 2924 660 2989 locis
683 2931 715 2990 et
738 2925 770 2990 in
793 2925 868 2990 vitIs
891 2930 923 2989 et
945 2925 978 2989 in
1001 2925 1128 3010 scriptis
1163 2925 1334 2991 moralibus
1369 2926 1467 2990 utitur
1501 2945 1561 2989 nec
1595 2931 1701 2989 tamen
1732 2944 1864 3006 {requam
1888 2922 2001 2988 addito

190 3031 279 3114 πρὸς,
315 3030 371 3096 sed
406 3037 461 3095 aut
484 3031 635 3097 adiuncto
670 3034 855 3098 accusativo
879 3031 1221 3116 (siuepraepositione)
1245 3038 1300 3097 aut
1323 3032 1477 3097 absoluto.
1525 3031 1622 3097 Cuius
1646 3032 1690 3096 rei
1707 3031 1761 3114 qui
1782 3031 1881 3095 multa
1897 3051 2002 3095 axem·

190 3138 245 3223 pla
267 3138 383 3221 attulit,
408 3137 684 3222 wyttenbachius,
709 3137 793 3204 idem
818 3138 965 3204 traditae*
980 3139 1125 3204 lectionis
1148 3141 1358 3225 patrocinum
1383 3141 1543 3225 srrsoipere
1568 3139 1613 3204 ita
1630 3144 1763 3204 conatus
1779 3144 1836 3219 est,
1860 3143 1896 3202 ut
1916 3134 2001 3220 qumi

99 3249 111 3268 ⁶
192 3247 381 3329 δημηγορεῖν
403 3247 484 3328 πρὸς
506 3247 560 3311 τὸν
583 3248 678 3330 ὄχλον
701 3253 733 3311 ct
758 3249 957 3331 δημαγωγεῖν
979 3247 1033 3310 τὸν
1056 3249 1151 3330 ὄχλον
1174 3255 1260 3312 recte
1284 3246 1418 3328 dloatur,
1455 3245 1535 3312 duas
1569 3245 1640 3311 illas
1663 3245 1838 3310 locutiones
1862 3245 1893 3308 iu
1918 3243 2001 3309 hanc

192 3369 286 3415 unam
310 3352 458 3418 confusas
474 3373 543 3419 csse
564 3360 664 3438 putet,
687 3355 769 3436 πρὸς
792 3360 897 3418 autem
923 3351 1035 3418 eodem
1060 3375 1117 3418 usu
1141 3353 1261 3418 dietum
1279 3354 1391 3436 rideri,
1421 3373 1483 3436 quo
1507 3352 1634 3419 dicatur
1655 3354 1736 3436 πρός
1759 3377 1823 3416 τινα
1847 3353 2001 3416 πολιτεύε-

192 3460 267 3522 σθαι
290 3457 345 3535 (ad
370 3459 503 3524 alleuius
537 3460 733 3524 voluntatem
767 3481 834 3525 rem
869 3460 1030 3544 publicam
1065 3460 1298 3541 administrare)
1327 3463 1409 3544 πρός
1434 3485 1499 3524 τινα
1523 3461 1599 3524 εἶναι
1623 3460 1677 3541 (ab
1701 3459 1835 3524 alicuius
1858 3457 2003 3544 partibus

192 3567 285 3648 csse),
308 3566 389 3647 πρός
411 3589 476 3629 τινα
500 3568 558 3648 ζῆν
592 3564 647 3645 (acl
670 3567 804 3632 alicuius
827 3567 993 3652 imperinm
1017 3569 1147 3646 vivero).
1206 3566 1271 3632 Sed
1296 3588 1397 3651 neque
1426 3566 1503 3633 illutl
1529 3567 1699 3632 verisimile
1729 3571 1777 3631 est
1800 3584 1902 3647 neque
1927 3570 2003 3650 apto

190 3671 283 3736 nobis
306 3669 484 3756 comparari
508 3670 656 3736 videntur
678 3674 759 3754 πρός
781 3697 845 3736 τινα
869 3675 1092 3746 πολιτεύεσθαι,
1116 3675 1185 3738 sim.
1232 3675 1315 3740 Nam
1340 3693 1410 3739 cum
1434 3675 1548 3740 verba:
1585 3675 1807 3744 πολιτεύεσθαι,
1837 3671 1921 3744 εἶναι,
1946 3675 2003 3755 ζῆν

190 3777 423 3844 intransitivum
448 3777 511 3844 vim
536 3777 685 3862 habeant,
709 3779 803 3862 longe
827 3780 891 3844 alia
915 3799 984 3845 esse
1008 3789 1151 3865 apparet.
1198 3782 1267 3848 Nec
1291 3789 1396 3846 tarncu
1422 3801 1491 3847 cum
1516 3763 1679 3846 Herehero
1703 3777 1899 3863 praepositio
1922 3779 2004 3860 πρὸς

192 3884 338 3950 eioicuda
361 3891 419 3968 cst,
445 3905 527 3968 quae
550 3885 635 3951 unde
658 3887 691 3950 in
714 3886 811 3951 libros
834 3888 1012 3972 inrepserit,
1037 3887 1167 3953 diltioile
1191 3887 1280 3953 dictu
1296 3896 1354 3953 est.
1391 3888 1558 3954 Sublatam
1575 3886 1635 3951 crit
1651 3884 1798 3950 mendum
1815 3905 1878 3949 nou
1895 3883 2002 3949 deleto

192 3993 281 4072 πρός,
304 3991 361 4056 sed
384 3991 505 4058 additis
531 3993 581 4077 iis,
617 4013 698 4077 quae
722 3994 847 4059 scrIbae
870 3995 992 4060 incuria
1015 3995 1149 4060 sustulit.
1208 3994 1395 4079 Lugendum
1430 3995 1513 4059 enim
1549 3996 1588 4058 οὐ
1612 3995 1797 4077 ἀημογωγεῖ
1816 3993 1917 4074 πρὸς
1938 3991 2004 4057 τὸν

191 4098 351 4178 βασιλέα
374 4100 428 4163 τὸν
451 4101 553 4184 ὄχλον.
593 4101 664 4165 Den
688 4100 787 4165 Pbbel
811 4119 916 4184 gegeu
940 4100 1002 4166 den
1027 4102 1134 4184 Kbnig
1157 4101 1327 4166 aulhetzen
1361 4103 1442 4184 πρὸς
1465 4107 1513 4166 est
1539 4129 1577 4154 =
1603 4099 1766 4181 adversus,
1792 4105 1913 4163 contra.
1961 4097 2003 4162 cl.

191 4202 607 4288 apophthegm.‚Laeoniea
629 4227 701 4292 cap.
725 4209 784 4272 40:
809 4211 840 4272 oi
863 4211 958 4292 ἀῆμοι
980 4211 1061 4292 πρὸς
1082 4211 1155 4281 τοὺς
1166 4211 1365 4292 Σπαρτιάτας
1388 4210 1687 4292 ἐξεπολεμώθησαν·
1711 4204 1752 4270 de
1769 4205 1890 4270 ntuiier.
1915 4206 2001 4270 virlt.

195 4311 249 4375 16:
285 4317 349 4376 τῶν
372 4315 415 4384 εἰς
438 4313 578 4396 Μίλητον
601 4317 806 4397 ἀφικομένων
824 4315 944 4380 Ἰώνων
967 4318 1181 4388 στασιάσαντες
1204 4319 1277 4382 ἔνιοι
1299 4318 1380 4399 πρὸς
1402 4317 1475 4388 τοὺς
1497 4315 1619 4378 Νείλεω
1642 4315 1770 4384 παῖδας·
1794 4311 1873 4377 ibid.
1898 4313 1949 4376 19.
1974 4313 2004 4375 oi

192 4418 275 4498 φίλοι
298 4421 447 4502 διαβολάς
469 4443 553 4490 τινας
576 4422 622 4484 ἀεὶ
645 4423 698 4485 καί
721 4423 872 4493 ὑπονοίας
894 4425 1123 4498 κατεσκεύαζον
1146 4426 1233 4506 αὐτῷ
1255 4425 1336 4506 πρὸς
1358 4424 1412 4489 τὸν
1435 4424 1581 4506 ἀδελφόν.

297 4523 346 4589 Ea
370 4545 464 4608 quarn
488 4527 708 4612 proposuimus
732 4527 869 4592 lectione
893 4537 1023 4615 recepta
1046 4537 1190 4616 apparet,
1215 4550 1308 4612 quam
1333 4538 1408 4614 apte
1433 4535 1648 4614 opponantur:
1695 4527 1771 4591 ἀλλά
1806 4535 1853 4609 τῷ
1886 4525 2007 4609 βασιλεῖ

193 4631 322 4713 γίγνεται
345 4634 534 4716 σύμβουλος.

298 4737 409 4804 Ortum
433 4746 482 4805 est
505 4737 654 4804 mendum
677 4739 798 4805 librarii
822 4741 916 4807 oculo
939 4763 959 4807 a
982 4745 1086 4828 priore
1108 4745 1163 4808 τὸν
1186 4743 1228 4809 ad
1257 4744 1392 4809 alterum
1415 4743 1468 4808 τὸν
1491 4743 1659 4808 aberrante
1683 4739 1846 4806 Subiciam
1882 4739 2004 4821 aliquot

191 4844 278 4910 locos
301 4847 396 4911 simili
420 4867 491 4911 meo
515 4845 643 4929 quidem
666 4846 785 4912 iudicio
809 4847 882 4913 labo
906 4849 1050 4915 infectos.
1109 4851 1181 4916 Dici
1205 4851 1288 4916 enim
1313 4851 1367 4915 vix
1391 4857 1506 4936 potest,
1543 4869 1637 4933 quam
1662 4867 1758 4932 saepe
1783 4853 1919 4928 quantas
1941 4853 2004 4910 tur·

192 4951 249 5016 bas
273 4952 386 5017 feccrit
409 4973 474 5018 una
497 4953 639 5018 alterave
663 4953 771 5020 littera
794 4955 845 5019 vel
870 4975 946 5020 casu
970 4958 1022 5021 vel
1045 4957 1221 5022 scribarum
1245 4958 1340 5042 culpa
1364 4957 1552 5042 intercepta.

298 5059 335 5122 In
358 5059 426 5124 vita
449 5061 592 5144 Agesilai
617 5081 689 5146 cap.
714 5061 847 5127 XXXII
871 5064 890 5126 8
915 5063 1032 5147 legitur
1055 5065 1116 5129 sic:
1147 5067 1352 5149 ἀναχωρῆσαι
1376 5065 1410 5128 ἀὲ
1432 5065 1506 5136 τοὺς
1532 5063 1694 5146 Θηβαίους
1718 5063 1753 5125 ἐκ
1776 5069 1831 5144 τῆς
1854 5061 2001 5124 Λακωνι-

189 5173 248 5251 κῆς
272 5167 302 5230 οἱ
323 5167 381 5248 μὲν
404 5168 489 5232 ἄλλοι
512 5169 634 5249 λέγουσι
657 5171 825 5252 χειμώνων
860 5173 1038 5253 γενομένων
1071 5172 1125 5234 καί
1158 5177 1223 5234 τῶν
1241 5173 1409 5254 Ἀρκάδων
1432 5173 1621 5253 ἀρξαμένων
1644 5170 1765 5232 ἀπιέναι
1788 5169 1842 5230 καί
1867 5167 2006 5249 ὂιορῥεῒν

1779 5275 1790 5326 i
