4588 5750
1129 441 1147 510 'l

1031 534 1244 544 ——-——·

231 665 434 752 φοβούμενος
457 664 529 736 τοὺς
551 661 720 746 πατρῴους
742 661 797 728 καλ
820 663 997 746 γενεθλίους
1020 663 1095 742 κτλ.)
1125 659 1326 728 manifestum
1362 664 1411 724 est
1433 663 1470 724 εί
1489 679 1529 724 ex
1553 657 1602 742 iis,
1639 679 1722 743 quse
1758 669 1829 748 cap.
1855 659 1900 728 VI
1916 661 2041 744 ¹(initio)

231 777 406 858 sequuntur
430 773 471 852 (τί
490 770 561 852 σίας
598 772 636 836 ού
660 771 795 836 δοκεῖσοι
829 771 883 834 καὶ
905 770 940 834 τὸ
963 775 1026 834 τῶν
1049 771 1159 834 ἀθέων
1181 769 1262 852 πρδς
1295 767 1367 840 τοὺς
1391 768 1619 850 δεισιδαίμονας
1652 770 1758 840 πάθος
1785 773 1865 854 ἔχειν
1898 773 2043 855 τοιαύτην

233 883 406 966 διαφοράνς
431 881 461 943 ολ
481 879 540 962 μὲν
564 879 623 961 οὐχ
647 879 746 958 ὁρῶσι
768 876 841 948 τοὺς
864 876 960 948 θεοὺς
981 876 1016 940 τδ
1038 877 1198 958 παράπαν,
1222 876 1310 940 οἶδὲ
1334 876 1500 948 δοξάζουσι
1523 875 1664 958 φοβερὸν
1686 876 1721 940 τὸ
1756 879 1881 959 εὐμενὲς
1915 879 1968 942 καὶ
1990 904 2041 943 τυ-

232 989 380 1074 ραννικδν
402 987 437 1052 τὸ
452 985 604 1068 πατρικὸν
619 986 672 1048 καὶ
687 985 844 1068 βλαβερὸν
866 983 901 1047 τὸ
924 984 1134 1066 κηδεμονικὸν
1157 983 1209 1048 καί
1232 983 1267 1046 τὸ
1291 983 1421 1064 ἄμικτον
1444 983 1553 1064 άγριον
1575 983 1628 1046 καὶ
1651 984 1819 1066 θηριῶδες.
1866 983 1969 1062 Quod·
1989 985 2043 1068 qul

233 1095 354 1162 tenebit
377 1100 410 1160 ct
432 1092 474 1158 ad
497 1097 614 1176 poetae
637 1090 746 1170 verina,
776 1109 858 1173 quae
881 1089 1026 1174 proxime
1049 1088 1247 1174 praecedunt
1269 1087 1423 1170 attendet,
1448 1087 1543 1154 laeile
1566 1088 1699 1172 ridebit,
1735 1090 1941 1158 Plutarchum
1965 1093 2043 1158 nihil

234 1203 408 1288 scripsisse,
432 1199 492 1265 nisi
510 1198 586 1264 hoc:
610 1199 703 1280 πόσῳ
727 1199 767 1262 δὲ
790 1199 1013 1280 δεινότερον
1036 1199 1169 1262 οἴεσθε
1192 1198 1496 1280 άνεκφεύκτους,
1532 1199 1869 1282 ἀναποδράστους,
1904 1202 2043 1266 ἀνυπο-

234 1313 406 1390 στάτουςς
432 1303 661 1372 subaudienda
684 1309 757 1368 sunt
780 1304 968 1376 δεσπότας
991 1305 1133 1388 λαβεῖν,
1158 1323 1239 1386 quae
1263 1305 1289 1368 si
1313 1303 1504 1370 Plutarchus
1527 1303 1715 1387 addidisset,
1739 1305 1808 1371 iure
1831 1307 1967 1392 scriptor
1988 1329 2043 1392 pa·

232 1437 301 1484 mm
324 1418 457 1499 elegans
480 1411 659 1476 haberetur.
695 1411 788 1478 Nune
812 1411 857 1475 ita
881 1411 1029 1493 loquitur,
1054 1417 1088 1476 ut
1112 1411 1191 1476 nihil
1215 1413 1355 1495 gravius,
1379 1411 1457 1477 nihil
1481 1413 1644 1478 nervosius
1660 1411 1725 1478 diei
1740 1414 1888 1498 potuerit.
1925 1415 2042 1500 Magna

231 1531 290 1606 est,
313 1523 425 1606 inquit,
450 1518 625 1598 calamitas,
654 1517 681 1582 si
704 1525 831 1602 poetam
855 1517 966 1584 audire
991 1518 1144 1600 volumus,
1180 1517 1322 1584 homines
1345 1519 1463 1584 amissa
1485 1519 1632 1586 libertate
1660 1520 1693 1584 in
1715 1521 1964 1606 importuuomm
1988 1520 2042 1587 do

231 1634 387 1698 minorum
410 1628 593 1696 servitutem
628 1624 786 1707 iucidere3
822 1631 856 1689 at
891 1632 1010 1707 quanto
1044 1626 1145 1690 maior
1167 1662 1211 1672 —-
1234 1625 1268 1690 id
1297 1624 1382 1708 quod
1417 1625 1598 1692 hominibus
1632 1627 1860 1711 superstitiosis
1894 1629 2042 1696 aoeidore

233 1745 367 1826 apparet
390 1756 430 1802 cx
453 1735 501 1817 iis,
526 1753 605 1816 quos
628 1752 725 1817 supra
747 1731 914 1816 adscripsi,
938 1732 1017 1797 loeis
1030 1733 1117 1797 -in
1140 1734 1324 1798 servitutem
1348 1731 1489 1798 incidere
1513 1732 1655 1815 deorum,
1674 1754 1760 1830 ‘quos
1783 1755 1885 1818 neque
1909 1736 2040 1820 evitare,

232 1865 335 1930 nequo
358 1843 498 1927 elingere
522 1859 625 1922 neque
648 1840 687 1905 iis
710 1839 859 1906 resistere
882 1840 995 1924 possis.
1053 1839 1186 1906 Scribas
1210 1859 1282 1906 eum
1305 1839 1348 1905 ad
1372 1841 1470 1908 verba
1504 1847 1619 1925 poetae
1643 1861 1705 1906 non
1729 1841 1950 1926 attendissent,
1974 1863 2042 1909 sen·

199 1971 204 1990 ¹
233 1955 363 2020 tentiam
386 1970 532 2016 mancam
557 1967 626 2012 esse
649 1947 721 2029 rati,
745 1947 862 2032 inepte,
887 1953 922 2010 ut
944 1947 1057 2029 solent,
1082 1948 1316 2033 suppleverunt.
1356 1947 1498 2026 Quodsi
1525 1949 1571 2014 ita
1594 1955 1651 2029 est,
1683 1948 1777 2014 facile
1801 1969 1910 2017 carcre
1933 1971 2041 2037 possu-

231 2061 372 2142 mosiis,
397 2075 479 2140 qnae
502 2053 545 2120 ad
568 2055 672 2118 locum
697 2051 920 2136 corrigendum
944 2053 1003 2118 viri
1027 2053 1114 2120 docti
1139 2055 1306 2120 eommeuti
1330 2060 1412 2138 sunl,
1437 2075 1520 2138 quae
1544 2075 1646 2138 noque
1670 2057 1869 2142 corruptelae
1885 2059 2039 2143 originem

231 2166 412 2248 ostendunt,
435 2182 538 2246 neque
563 2161 605 2226 ad
629 2160 792 2226 Plutarchi
817 2160 997 2246 elegantem
1020 2162 1208 2226 brevitatem
1233 2161 1385 2248 aspirant.

339 2272 440 2338 Venio
470 2269 511 2335 ad
536 2268 683 2353 exempla
706 2267 855 2332 vitiomm
889 2268 965 2333 inde
989 2275 1137 2350 ortorum,
1173 2269 1258 2352 quod
1282 2269 1412 2354 librarii,
1449 2289 1530 2353 quae
1565 2269 1667 2355 primo
1691 2271 1825 2337 ‘incuria
1858 2272 2039 2356 omiserant,

231 2389 344 2468 postea
367 2379 496 2462 cognito
520 2395 625 2440 errore
649 2374 691 2439 ud
714 2375 890 2458 marginem
918 2375 1164 2461 adscripserunt,
1200 2383 1359 2461 postremo
1393 2377 1465 2442 loeo
1487 2397 1551 2443 non
1573 2383 1650 2463 apto
1674 2377 1810 2444 orationi
1833 2379 2040 2464 insememnt,

233 2509 295 2574 quo
319 2489 351 2552 in
375 2505 492 2572 genere
516 2503 612 2566 quam
635 2503 732 2568 saepe
755 2489 923 2568 peecatum
948 2484 999 2566 sit,
1023 2483 1181 2550 neminem
1205 2483 1353 2568 ignorare
1376 2485 1523 2550 arbitror.
1570 2485 1609 2550 ld
1638 2484 1795 2551 aceidisse
1829 2487 1973 2572 suspicor
2007 2486 2039 2552 in

231 2597 299 2662 vita
322 2593 475 2680 Agesilai,
499 2593 553 2658 ubi
578 2591 658 2658 haec
681 2592 829 2676 leguntur
852 2612 924 2677 cap.
949 2591 1009 2656 IV:
1035 2592 1083 2656 διδ
1117 2593 1170 2656 καὶ
1203 2595 1357 2676 πατρικήν
1390 2616 1455 2657 τινα
1489 2592 1571 2676 πρὸς
1605 2592 1719 2664 αὐτοὺς
1742 2593 1805 2658 ἀπὸ
1827 2601 1882 2658 τοῦ
1904 2596 2040 2659 παλαιοῦ

231 2705 384 2769 διετέλουν
406 2701 503 2772 εὐθὺς
526 2703 557 2764 οῖ
578 2701 712 2784 βασιλεῖς
735 2700 925 2782 φιλονεικίαν
958 2700 1011 2763 καλ
1046 2699 1203 2783 διαφοράν
1236 2700 1542 2783 παραλαμβάνοντες.
1589 2700 1607 2768 δ
1632 2697 1660 2765 δ’
1691 2700 1873 2785 Ἀγησίλαος
1907 2703 1956 2766 ἐπὶ
1984 2703 2040 2788 τὴν

231 2813 369 2876 ἐναντίαν
392 2809 468 2874 ὁδὸν
490 2809 569 2892 ἦλθε
592 2807 645 2871 καί
667 2805 702 2870 τδ
725 2807 871 2888 πολεμεῖν
893 2807 946 2870 καὶ
969 2807 1004 2871 τὸ
1026 2807 1236 2888 προσκρούειν
1259 2808 1363 2878 αὐτοῖς
1386 2808 1481 2878 ἐάσας
1505 2808 1685 2890 ἐθεράπευε.
1731 2807 1843 2880 Εὐθὺς
1876 2814 1948 2895 post
1976 2810 2039 2874 ἀπὸ

230 2926 286 2982 τσῦ
308 2919 443 2981 παλαιοῦ
467 2915 618 2979 διετέλουν
641 2913 746 2979 looum
770 2932 833 2978 non
857 2911 975 2978 habere
999 2913 1097 2978 sensit
1113 2912 1295 2998 Madvigius
1304 2916 1342 2996 1);
1368 2913 1476 2997 itaque
1500 2913 1670 2998 legendnm
1696 2915 1832 2981 coniecit
1855 2915 1948 2988 αὖθις
1961 2917 2039 2998 (rnr-

231 3029 307 3108 sus).
354 3022 420 3090 Sed
444 3021 644 3087 verisimilius
667 3026 725 3103 est,
750 3022 847 3092 εὐθὺς
870 3040 910 3084 ex
934 3020 1112 3102 insequenti
1136 3040 1229 3086 vomu
1253 3020 1315 3086 hue
1337 3020 1421 3086 male
1450 3021 1582 3086 inlatum
1617 3041 1697 3104 osse,
1733 3023 1787 3087 uhi
1811 3043 1905 3105 quam
1929 3029 2039 3108 aptum

230 3135 271 3198 sit
295 3136 439 3217 apparet.
486 3125 557 3194 ὁδ’
577 3128 759 3210 Ἀγησίλαος
782 3126 879 3198 εὐθὺς
913 3127 962 3191 ἐπὶ
995 3129 1051 3212 τὴν
1086 3129 1223 3192 ἐναντίαν
1246 3129 1323 3193 ὁδὸν
1347 3128 1433 3214 ἦλθε.
1462 3127 1482 3193 i.
1507 3149 1535 3193 c.
1572 3129 1740 3212 Agesilaus
1763 3130 1870 3194 statim
1894 3131 1962 3197 soil.
1985 3129 2039 3196 nbi

231 3241 366 3326 primum
391 3236 432 3302 ad
457 3235 707 3320 rempublicam
731 3235 877 3316 accessit,
903 3235 1094 3300 contrariam
1117 3235 1202 3301 viam
1226 3234 1387 3319 ingressus
1410 3241 1468 3300 est.

336 3345 479 3409 Alterum
503 3342 683 3426 exemplum
706 3342 840 3426 praehet
862 3341 952 3407 loeus
974 3343 1007 3406 in
1030 3343 1137 3408 lihcllo
1161 3350 1292 3408 amator.
1330 3363 1400 3427 cap.
1414 3342 1524 3408 XVll:
1550 3343 1605 3408 Διὸ
1628 3349 1723 3408 ταῦτα
1745 3343 1804 3427 μὲν
1827 3345 1938 3430 ἐῶμεν,
1961 3346 2039 3429 μετὰ

232 3453 266 3516 δὲ
287 3452 343 3535 τὴν
366 3451 452 3534 ἰσχὺν
474 3458 530 3514 τοῦ
547 3451 691 3533 Ἔρωτος
713 3449 812 3514 ούσιιν
833 3452 986 3534 τοσαύτην
1008 3451 1069 3534 ἤδη
1093 3451 1149 3533 τὴν
1170 3451 1252 3532 πρὸς
1274 3451 1469 3533 ἀνθρώπους
1492 3451 1652 3534 εὐμένειαν
1674 3451 1727 3514 καλ
1750 3453 1840 3534 χάριν
1867 3451 2038 3526 ἐπισκοπῶ,

231 3561 291 3624 οὐκ
315 3561 343 3622 εί
361 3557 460 3621 πολλὰ
483 3565 546 3628 τοῖς
569 3560 745 3640 χρωμένοις
768 3557 874 3639 ἀγαθὰ
897 3564 1055 3640 περιποιεῖ,
1181 3554 1246 3620 ἀλλ’
1271 3559 1299 3620 εἰ
1318 3559 1444 3622 πλείονα
1467 3559 1520 3622 καλ
1542 3560 1670 3641 μείζονα
1694 3558 1765 3628 τοὺς
1781 3559 1918 3640 ἐρῶντας
1942 3561 2038 3624 αὐτοῦ

230 3667 359 3750 ὀνίνησι·
383 3665 448 3728 ἐπεὶ
470 3665 583 3747 καίπερ
607 3667 653 3727 ὢν
676 3665 827 3748 ἐρατεινὸς
850 3665 868 3728 δ
892 3665 1066 3748 Εὐριπίδης
1087 3665 1123 3728 τὸ
1146 3665 1353 3748 σμικρότατον
1376 3666 1602 3748 ἀπε-θαύμασεν
1625 3667 1736 3730 εἶπὼνε

1136 3773 1285 3856 ,ποιητὴν
1307 3774 1370 3856 ἄρα

809 3877 915 3961 Ἔρως
939 3879 1084 3952 διδάσκει,
1108 3881 1168 3943 κᾶν
1191 3879 1332 3962 ἄμουσος
1354 3877 1376 3964 ᾖ
1398 3879 1434 3944 τδ
1457 3881 1548 3963 πρίν“

229 3988 354 4052 συνετόν
376 4011 407 4052 τε
431 3987 491 4070 γὰρ
514 3993 598 4051 ποιεῖ
616 3985 678 4051 κτλ.

335 4096 432 4159 αὐτοῦ
456 4101 528 4178 post
551 4094 623 4164 τοὺς
646 4095 785 4176 ἐρῶντας
819 4085 931 4157 mirum
967 4101 1119 4176 quantum
1143 4092 1293 4176 languere
1317 4103 1481 4161 sensemnt
1505 4093 1772 4182 Wyttenbaohins
1796 4101 1828 4160 et
1852 4094 2038 4162 Meziriaens

228 4221 287 4267 nee
311 4199 441 4266 dubium
466 4206 523 4283 est,
549 4202 624 4282 qnin
649 4199 839 4266 Plutarchus
862 4201 957 4284 paulo
982 4219 1078 4285 snpra
1100 4209 1173 4285 post
1195 4210 1258 4272 τοῖς
1281 4207 1457 4286 χρωμένοις
1481 4207 1583 4288 αὐτῷ
1617 4203 1723 4289 potins
1752 4202 1919 4269 additurus
1943 4203 2037 4269 luerit

226 4311 286 4374 nisi
310 4329 368 4393 per
391 4327 424 4372 se
449 4313 628 4391 appareret,
652 4306 795 4390 intellegi
812 4307 946 4391 Ἔρωτα.
982 4308 1024 4371 rit
1040 4308 1072 4371 in
1088 4307 1136 4390 iis,
1161 4327 1242 4390 quae
1266 4317 1447 4393 serpmntnr,
1472 4310 1676 4376 vehementer
1692 4309 1826 4376 offendit
1849 4311 1883 4375 τδ
1907 4313 2036 4394 σμικρό-

226 4441 317 4480 τατον
341 4415 576 4496 ἀπεθαύμασεν,
601 4411 648 4477 sic
671 4413 755 4478 nude
779 4413 931 4500 positum3
960 4435 1032 4478 nam
1046 4413 1232 4499 Euripidem
1255 4437 1317 4480 non
1341 4437 1407 4482 rom
1423 4419 1531 4483 neseio
1548 4438 1642 4500 qrram
1659 4417 1821 4482 minimam
1846 4415 2036 4482 admiratum

228 4541 307 4604 esse,
332 4519 503 4585 dieendum
528 4525 606 4600 emt,
632 4517 688 4584 sed
706 4521 848 4602 Ἔρωτας
882 4519 1022 4604 aliquam
1046 4520 1121 4604 vim,
1156 4543 1219 4586 non
1248 4521 1294 4587 ita
1317 4545 1467 4608 magnam
1491 4545 1562 4590 cum
1587 4527 1701 4590 eeten's
1725 4545 1806 4607 quae
1831 4526 1860 4588 ei
1884 4521 2037 4590 dehemus

228 4627 319 4692 bonis
343 4633 570 4712 comparatam.
618 4624 710 4702 Quod
735 4628 766 4691 ni
791 4629 837 4691 ita
866 4635 950 4693 esset
984 4628 1017 4692 in
1041 4629 1282 4713 Wyttonbaohii
1306 4637 1338 4695 et
1361 4631 1522 4698 Maziriaci
1552 4634 1734 4699 eonieetura
1757 4632 1871 4702 αὐτοὺς
1894 4633 2037 4714 aequies-

191 4807 193 4812 χ
229 4755 343 4816 αατεω,
368 4754 559 4818 quamquam
584 4733 679 4797 etiam
705 4753 744 4798 ea
768 4734 862 4798 facilc
887 4755 1039 4802 caremus.
1087 4737 1180 4803 Nune
1204 4737 1356 4802 chrodin
1381 4758 1438 4804 sua
1461 4739 1538 4805 sede
1562 4741 1701 4825 reposito
1717 4737 1886 4822 legendum
1904 4759 2035 4805 eenseo:

226 4843 261 4907 τὸ
285 4844 490 4926 σμικρότατον
514 4843 611 4906 αὐτοῦ
636 4839 717 4920 (scil.
735 4842 888 4924 Ἔρωτος)
912 4845 1146 4927 ἀπεθαύμασεν.
1193 4845 1233 4910 cf.
1262 4854 1384 4932 septem
1419 4849 1608 4934 sapientium
1633 4849 1756 4914 conviv.
1793 4869 1863 4932 cap).
1889 4849 1936 4914 II:
1973 4849 2036 4912 ἐπεὶ

227 4957 285 5014 σοῦ
310 4973 343 5032 γε
366 4949 478 5012 καὶτὰ
502 4950 579 5013 ἄλλα
603 4949 760 5031 θαυμάζει
794 4950 848 5012 καί
881 4957 936 5032 τῆς
969 4952 1147 5034 πυραμίδος
1180 4953 1235 5036 τὴν
1269 4956 1415 5038 μέτρησιν
1438 4957 1612 5040 ὑπερφυῶς
1635 4958 1802 5039 ἠγάπησεν.
1849 4954 1890 5020 (le
1913 4956 2035 5021 mulier.

226 5055 335 5121 virtut.
361 5075 432 5140 cap.
457 5056 518 5120 VII
543 5058 631 5130 ἄξιον
654 5055 711 5120 οὖν
734 5057 872 5140 ἄγασθαι
894 5063 958 5121 τῶν
981 5063 1140 5140 γυναικῶν
1161 5061 1215 5124 καὶ
1238 5061 1293 5143 τὴν
1315 5063 1438 5144 σιωπὴν
1460 5063 1513 5126 καλ
1535 5061 1571 5126 τὸ
1595 5064 1724 5144 θράσος.

226 5167 286 5172 „.
330 5167 361 5264 r)
380 5165 432 5250 αι’
432 5197 448 5250 ι.
468 5165 575 5268 τῇς.
594 5198 654 5252 sor.
