4588 5750
1154 415 1218 514 „4

406 633 455 697 De
472 631 567 696 exilio
580 651 652 716 oap.
665 631 743 696 VII:
764 631 804 695 ‘O
820 627 848 694 δ’
869 631 1048 712 Ἀλκμαίων
1071 629 1137 696 olm
1159 638 1298 713 νεοπαγῆ
1313 637 1368 694 τοῦ
1381 629 1538 712 Ἀχελώου
1561 633 1823 713 προσχωννύντος
1845 632 2009 714 ἐπῴκησεν
2031 634 2108 697 ύπο-

299 741 429 824 φεύγων
451 739 506 810 τάς
528 739 716 822 Εὐμενίδας,
740 739 787 810 ὡς
810 740 840 801 σί
861 737 985 820 ποιηταί
1008 739 1161 818 λέγουσιν·
1197 737 1261 818 ἐγὼ
1285 737 1319 800 δὲ
1342 738 1488 800 κάκεῖνον
1511 738 1628 810 εἰκάζω
1652 739 1808 819 φεύγοντα
1830 739 1988 809 πολιτικάς
2010 741 2110 822 ἀρχάς

299 847 353 910 καὶ
375 848 494 916 στάσεις
517 847 570 909 καὶ
593 845 804 928 συκοφαντίας
828 845 1007 926 ἐρινυώδεις
1029 844 1155 908 ἑλέσθαι
1176 843 1281 926 βραχύ
1303 845 1423 925 χωρίον
1445 844 1661 926 ἀπραγμόνως
1684 845 1717 906 ἐν
1741 846 1853 926 ἡσυχίᾳ
1876 853 2037 910 κατοικεῖν.

407 954 525 1023 στάσεις
559 953 613 1016 καί
647 953 852 1034 συκοφαντίαι
875 951 1054 1032 ἐρινυώδεις
1088 949 1205 1014 docent
1229 948 1383 1014 hocloco
1413 948 1454 1014 de
1478 947 1647 1014 discordiis
1669 948 1941 1033 seditionibusque
1965 951 2111 1018 civilibus

299 1059 354 1143 agi
376 1060 488 1142 iisque,
513 1079 595 1141 quac
619 1077 674 1122 eas
698 1057 849 1139 consequi
873 1055 985 1140 solent,
1009 1056 1110 1139 malis,
1135 1076 1198 1120 non
1221 1055 1263 1121 de
1285 1054 1458 1121 honoribus
1481 1065 1513 1120 et
1536 1057 1776 1140 magistratibus
1799 1056 1820 1120 i.
1845 1077 1873 1120 c.
1898 1058 2016 1141 ἀρχαῖς.
2062 1060 2110 1124 Dc

299 1167 414 1250 quibus
437 1166 463 1230 si
488 1170 646 1249 ageretur,
671 1163 862 1230 Plutarchus
885 1164 1042 1234 πολιτικὰς
1066 1167 1152 1229 certe
1175 1183 1238 1227 non
1262 1161 1449 1245 addidisset,
1474 1171 1508 1228 ut
1531 1163 1684 1229 sescentis
1707 1164 1778 1228 aliis
1801 1164 1881 1228 locis
1896 1185 1958 1228 iton
1975 1164 2109 1248 addidit,

301 1273 355 1338 uhi
379 1272 419 1338 dc
444 1271 615 1338 honoribus
639 1278 671 1338 et
695 1271 935 1355 magistratibus
958 1271 1036 1354 agit.
1084 1268 1125 1334 cl.
1149 1268 1191 1335 ad
1215 1269 1392 1354 principem
1416 1269 1608 1335 ineruditum
1633 1291 1704 1355 σεχτ.
1729 1270 1790 1336 VI:
1814 1271 1887 1342 τοὺς
1911 1269 1938 1335 δ’
1963 1273 2111 1336 ἀπαιδεύ-

300 1406 373 1452 τους
407 1382 460 1446 κσί
489 1382 625 1463 ἀμαθεῖς
647 1383 667 1463 ῆ
690 1381 767 1463 τύχη
802 1377 918 1462 μικρὸν
951 1379 1167 1460 ἐκκουφίσασα
1202 1378 1347 1448 πλούτοις
1380 1377 1455 1440 τισίν
1478 1381 1497 1460 ἢ
1522 1379 1628 1451 δόξαις
1651 1381 1670 1460 ῆ
1695 1379 1806 1460 ἀρχαῖς
1829 1378 1891 1442 κτλ.
1916 1399 1956 1442 un
1980 1380 2112 1444 senisii

300 1485 443 1572 geronda
466 1505 516 1551 res
540 1485 642 1571 publ:
668 1506 740 1571 cap.
764 1486 790 1550 I.
815 1486 876 1568 ἀψὲ
899 1485 995 1568 ἦλθες
1018 1485 1119 1567 ἀρχὴν
1142 1485 1196 1547 καλ
1219 1485 1424 1567 δημαγωγίαν
1448 1485 1620 1567 διζήμενος.
1666 1483 1744 1550 ibid.
1769 1505 1797 1550 e.
1822 1485 1882 1550 Vl:
1917 1487 2011 1550 οὐδέν
2034 1489 2112 1551 ἐστιν

303 1595 496 1677 ὃτοσαύτην
519 1595 607 1677 φέρει
630 1595 729 1676 χάριν,
765 1593 842 1676 ὅσην
875 1593 1024 1674 πράξεων
1057 1591 1146 1655 ίδίων
1170 1593 1203 1654 ἐν
1227 1593 1338 1674 ἀρχαῖς
1371 1591 1425 1654 καί
1447 1592 1610 1663 πολιτείαις
1707 1593 1935 1675 ἀναθεώρησις.
1982 1593 2059 1658 ibid.
2084 1615 2111 1658 o.

301 1701 429 1766 XVIII:
555 1702 634 1784 μήτε
656 1699 697 1763 αὖ
720 1701 811 1763 πάλιν
833 1705 937 1764 πᾶσαν
960 1697 1061 1781 ἀρχὴν
1084 1699 1284 1780 ἐπαιρόμενοι
1407 1695 1486 1762 ibid.
1511 1718 1583 1782 cap.
1608 1697 1688 1763 XX:
1724 1699 1800 1764 οὐδὲ
1834 1701 1894 1782 γάρ
1935 1702 1968 1763 ἐν
2002 1701 2112 1784 ἀρχαῖς

300 1809 354 1872 τδν
377 1809 557 1891 τηλικοῦτον
580 1808 651 1888 ὥρα
675 1807 836 1889 φέρεσθαι.
882 1811 1056 1889 praecepta
1079 1801 1240 1886 gerendae
1263 1803 1419 1888 reipubl.
1444 1823 1472 1868 e.
1498 1805 1596 1869 XIII:
1621 1805 1677 1870 είσί
1701 1807 1810 1870 δὲκαὶ
1838 1808 1960 1888 χάριτες
1983 1809 2111 1891 ἀνεπίφ-

300 1917 402 1997 θονοι,
427 1915 637 1998 συλλαβέσθαι
659 1913 741 1996 πρὸς
764 1913 865 1996 ἀρχὴν
887 1921 933 1995 τῷ
955 1913 1040 1994 φίλῳ
1140 1911 1218 1977 ibid.
1236 1932 1264 1975 e.
1278 1911 1389 1976 XVII:
1413 1915 1451 1983 ἃς
1474 1909 1503 1976 δ’
1528 1914 1736 1995 ὀνομάζουσιν
1771 1914 1912 1985 ἐξουσίας
1935 1915 1988 1976 καί
2011 1939 2112 1996 χειρο-

300 2029 442 2086 τονοῦσιν
465 2023 565 2103 ἀρχάς
808 2017 886 2084 ibid.
911 2039 939 2084 c.
963 2017 1060 2084 XIX:
1097 2021 1133 2082 ἐκ
1167 2020 1278 2082 τούτου
1303 2019 1337 2084 δὲ
1371 2020 1424 2083 καί
1446 2020 1546 2102 βουλῆ
1577 2020 1630 2082 καὶ
1654 2019 1756 2102 δῆμος
1778 2020 1832 2082 καί
1855 2021 2036 2102 δικαστήρια
2060 2023 2112 2084 καί

304 2129 385 2212 ἀρχὴ
409 2133 494 2192 πᾶσα
518 2129 574 2211 τὴν
596 2129 740 2202 ἐξουσίαν
763 2127 919 2190 ἀπόλλυσι.
966 2123 1043 2191 ibid.
1068 2145 1096 2190 e.
1121 2125 1218 2190 XXI:
1255 2128 1388 2200 αὔξοντα
1423 2127 1477 2190 καὶ
1510 2127 1716 2207 προστιθέντα
1738 2127 1794 2210 τῆν
1818 2122 1870 2188 ἀπ’
1895 2127 1992 2190 αὐτοῦ
2017 2127 2113 2200 δόξαν

302 2236 356 2300 καλ
379 2235 512 2318 δύναμιν
534 2243 571 2318 τῇ
594 2236 677 2318 ἀρχῇ
701 2231 780 2298 ibid.
806 2253 834 2298 e.
859 2233 957 2297 XXII
981 2283 1011 2298 ..
1036 2233 1237 2314 ἀπαλλαγέντι
1270 2240 1325 2316 τῆς
1352 2235 1452 2316 ἀρχῆς
1474 2231 1553 2298 ibid.
1578 2253 1605 2298 o.
1631 2232 1763 2298 XXXI:
1793 2231 1934 2314 Ἕρμωνι
2035 2234 2111 2314 φεύ-

304 2365 385 2423 γοντι
408 2342 463 2424 τὴν
487 2343 588 2424 ἀρχὴν
611 2341 673 2406 ὑπὸ
696 2343 802 2411 πενίας
827 2387 939 2404 .....
963 2339 1112 2404 Poteram
1135 2339 1199 2404 alia
1222 2340 1371 2424 exempla
1394 2339 1547 2424 proferre,
1571 2340 1603 2404 ui
1627 2359 1762 2422 vererer,
1787 2359 1827 2404 nc
1850 2339 1883 2404 in
1905 2358 1939 2403 re
1956 2337 2042 2404 haud
2058 2338 2112 2404 du·

303 2447 356 2514 bia
379 2447 495 2532 longus
517 2467 630 2512 essem.
677 2447 761 2514 Num
785 2445 910 2512 duabus
933 2446 1048 2512 litteris
1077 2444 1196 2511 additis
1220 2446 1439 2512 scribendum:
1475 2448 1630 2530 φεύγοντα
1665 2447 1823 2518 πολιτικάς
1857 2446 2028 2529 ταραχὰς
2061 2447 2114 2510 καί

303 2556 422 2626 στάσεις
445 2555 506 2618 κτλ.
543 2553 584 2618 ci.
608 2559 784 2638 praecepta
806 2551 968 2636 gerendae
991 2553 1036 2617 rei
1060 2553 1208 2637 publicae
1233 2573 1304 2637 cap.
1321 2553 1353 2616 II
1377 2551 1462 2618 οὗτοι
1485 2555 1539 2618 καί
1560 2553 1691 2636 μάλιστα
1716 2554 1915 2636 διαβάλλουσι
1936 2553 1972 2617 τδ
1982 2560 2114 2636 πρᾶγμα

303 2661 384 2742 (scil.
409 2661 626 2746 reipublicae
650 2659 969 2740 administrationem)
992 2669 1038 2743 τῷ
1060 2667 1220 2744 μετανοεῖν
1242 2661 1296 2724 καὶ
1319 2661 1490 2743 ἀσχάλλειν,
1524 2661 1599 2724 ὅταν
1622 2663 1641 2744 V
1666 2661 1763 2734 δόξαν
1786 2661 1968 2732 ἐλπίσαντες,
2004 2660 2114 2743 ἀδοξίᾳ

303 2771 520 2852 περιπέσωσιν,
543 2773 563 2852 ῆ
587 2769 721 2852 φοβεροί
742 2768 1018 2850 προσδοκήσαντες
1040 2769 1155 2850 ἑτέροις
1178 2769 1304 2832 ἔσεσθαι
1328 2768 1378 2832 διά
1402 2769 1535 2850 δύναμιν
1560 2769 1602 2837 εἰς
1624 2767 1792 2850 πράγματα
1815 2767 1982 2838 κινδύνους
2005 2770 2114 2850 ἔχοντα

305 2876 359 2938 καί
381 2875 521 2958 ταραχάς
543 2875 679 2957 ἄγωνται
702 2873 770 2938 vitu
793 2873 918 2940 Camilli
942 2895 1014 2960 esp.
1037 2875 1103 2940 IX:
1127 2877 1164 2938 τὰ
1187 2875 1356 2956 ταρακτικὰ
1378 2877 1469 2958 πάδη
1492 2882 1546 2958 τῆς
1568 2875 1720 2945 πολιτείας
1743 2876 1805 2948 ἔξω
1828 2875 1999 2956 τρέποντες.

410 2979 462 3046 Ad
485 2983 632 3064 ταραχάς,
656 2981 774 3066 quippe
797 3001 879 3064 quae
903 3002 965 3046 non
988 2981 1090 3047 solum
1113 2982 1145 3046 in
1180 3003 1214 3047 rc
1249 2981 1378 3066 publica
1412 2980 1666 3046 administranda
1700 2979 1756 3046 sed
1781 2981 1876 3046 etiam
1900 2981 1933 3046 iu
1956 2983 2113 3046 conmuni

307 3088 374 3153 vita
397 3095 571 3170 versentur,
595 3095 681 3152 recte
705 3086 834 3153 additur
855 3090 1028 3170 παλιτικάςς
1064 3109 1137 3154 σεται
1162 3086 1202 3152 de
1225 3088 1377 3174 principis
1411 3087 1560 3172 periculis
1584 3093 1615 3152 et
1638 3088 1790 3154 molestiis
1814 3087 1875 3152 hoc
1902 3087 1972 3152 loeo
1996 3089 2111 3171 agitur.

409 3193 487 3260 ibid.
512 3214 540 3259 e.
565 3194 654 3258 XIV.
700 3195 823 3266 Πάντες
858 3193 942 3260 οὗτοι
965 3197 1018 3259 καί
1040 3197 1178 3266 πλείονες
1211 3197 1297 3260 ἄλλοι
1330 3203 1394 3260 τῶν
1416 3197 1577 3278 πατρίδων
1600 3197 1780 3266 ἐκπεσόντες
1815 3245 1917 3258 .....
1950 3203 2110 3278 πανταχοῦ

302 3303 356 3368 καὶ
378 3301 564 3386 τεθνηκότες
585 3303 847 3384 μνημονεύονται·
874 3307 938 3366 τῶν
962 3299 989 3366 δ’
1015 3303 1214 3384 ἐκβαλόντων
1236 3303 1289 3366 καί
1312 3304 1543 3368 στασιασάντων
1577 3303 1652 3368 οὐδὲ
1687 3303 1730 3374 είς
1752 3303 1846 3384 λόγος
1880 3303 2009 3373 οὐδενὸς
2032 3303 2111 3368 ἀπο·

302 3411 458 3474 λέλειπται.

410 3519 581 3590 στασιάζειν
605 3515 736 3580 verbum
760 3522 816 3580 aut
839 3515 1072 3582 intransitivum
1097 3515 1161 3581 vim
1185 3515 1293 3599 hahet,
1329 3536 1391 3598 quo
1426 3536 1519 3582 sensu
1555 3515 1673 3582 dicitur
1696 3519 1866 3592 στασιάζειν
1889 3519 2010 3582 τινί-
2031 3519 2113 3600 πρός

303 3647 377 3696 τινα,
401 3630 457 3688 aut
481 3643 551 3688 cunr
577 3622 761 3688 accusativo
786 3621 987 3688 coniunctum
1012 3629 1060 3688 cst
1083 3622 1218 3688 alicuius
1242 3623 1380 3688 aninrunr
1404 3621 1446 3688 ad
1470 3622 1681 3689 delectionem
1708 3630 1753 3704 (ot
1776 3622 1904 3704 similia)
1929 3623 2110 3690 sollicitare.

304 3730 458 3796 Neutrum
483 3729 638 3795 hocloco
662 3736 782 3814 apturn.
829 3729 975 3795 (letarum
1000 3730 1081 3796 solet
1104 3730 1293 3796 Plutarchus
1316 3751 1494 3815 synonyma
1517 3732 1600 3794 inter
1623 3751 1656 3796 se
1681 3731 1883 3814 coniungere.
1941 3732 2055 3814 Itaque
2079 3737 2111 3796 ut

304 3836 488 3903 restituatur
512 3836 598 3920 quod
622 3837 814 3920 respondeat
838 3836 883 3900 illi
918 3844 982 3902 τῶν
1005 3835 1033 3902 δ’
1058 3839 1265 3922 ἐκβαλόντων,
1300 3837 1471 3922 legendum
1507 3837 1631 3902 conicio
1659 3839 1712 3900 καὶ
1746 3840 2023 3902 καταστασιάντων.
2071 3838 2110 3903 cl.

303 3942 370 4009 vitu
394 3942 506 4009 Tbem.
532 3965 560 4008 o.
584 3944 628 4010 V:
665 3945 839 4024 αὐξόμενος
869 3945 903 4006 δὲ
926 3945 979 4008 καί
1001 3952 1065 4015 τοῖς
1086 3946 1212 4016 πολλοῖς
1235 3946 1382 4027 ἀρέσκων
1414 3947 1500 4015 τέλος
1523 3947 1741 4009 κατεστασίασε
1763 3945 1816 4008 καί
1838 3947 2020 4027 μετέστησεν
2043 3947 2110 4018 ἐξο-

303 4053 526 4133 στρακισθέντα
550 4051 603 4115 τὸν
622 4051 817 4133 Ἀριστείδην.
864 4049 942 4116 ibid.
967 4073 994 4116 c.
1019 4051 1083 4116 XI:
1120 4053 1346 4134 ἐξωστράκιστο
1382 4053 1442 4134 γάρ
1476 4052 1539 4133 πρὸ
1571 4058 1629 4115 τοῦ
1663 4053 1804 4133 πολέμου
1838 4053 2112 4122 καταστασιασθείς

304 4158 365 4222 ὑπὸ
393 4157 647 4240 Θεμιστοκλέους.
693 4156 761 4222 vita
784 4157 925 4223 Pericles
949 4179 976 4222 e.
1001 4157 1065 4222 IX:
1095 4159 1143 4222 διὸ
1167 4161 1220 4222 καί
1242 4159 1361 4242 μᾶλλον
1384 4159 1512 4241 ἰσχύσας
1535 4160 1553 4222 ὁ
1576 4157 1735 4241 Περικλῆς
1758 4159 1859 4241 ἐντῷ
1893 4159 1988 4242 δημῳ
2022 4183 2111 4222 κατε-

307 4267 451 4328 στασίασε
473 4265 529 4348 τῆν
551 4267 678 4348 βουλήν,
703 4265 783 4329 ὥστε
807 4314 884 4328 ....
908 4266 1119 4350 ἀφαιρεθῆναι
1143 4265 1197 4336 τὰς
1218 4266 1359 4336 πλείστας
1381 4267 1496 4346 κρίσεις
1520 4262 1558 4328 δι’
1579 4264 1753 4347 Ἐφιάλτου.

409 4371 499 4434 Κατσ
523 4369 685 4436 intercidit
708 4378 781 4456 post
804 4395 864 4435 και.

410 4476 594 4542 Anatorius
617 4497 687 4562 cup.
705 4477 799 4544 XVI:
819 4478 932 4562 Ὅμως
956 4475 984 4542 δ’
1008 4480 1071 4544 ἐπεί
1096 4480 1225 4562 δυνάμει
1248 4480 1301 4542 καὶ
1325 4480 1460 4561 ὠφελείᾳ
1483 4479 1613 4561 μάλιστα
1637 4481 1716 4544 θεοῦ
1741 4529 1975 4544 ...........
2000 4479 2113 4542 καθότι

304 4586 357 4650 καί
378 4591 442 4650 τῶν
465 4587 680 4668 ἀνθρωπίνων
703 4587 837 4666 ἀγαθῶν
861 4587 920 4650 δύο
934 4593 1038 4660 ταῦτα,
1062 4587 1218 4670 βασιλείαν
1231 4585 1286 4650 καί
1302 4585 1422 4667 ἀρετὴν,
1445 4585 1589 4648 θειότατα
1614 4586 1666 4648 καὶ
1689 4588 1858 4668 νομίζομεν
1880 4585 1933 4648 καὶ
1956 4586 2112 4668 ὀνομάζο-

302 4717 369 4775 μεν,
393 4693 464 4776 ὥρα
488 4699 616 4757 σκοπεῖν
638 4694 799 4776 πρότερον,
824 4695 855 4756 εί
871 4719 925 4758 τινι
949 4695 1036 4758 θεῶν
1060 4693 1202 4774 ὁἝρως
1224 4694 1344 4775 ὑφίεται
1367 4694 1541 4774 δυνάμεως.

410 4798 500 4876 Quae
524 4797 564 4863 ad
589 4799 746 4882 lacunam,
771 4819 853 4882 quae
877 4806 926 4864 est
949 4805 1020 4884 post
1043 4801 1131 4872 θεον,
1167 4797 1358 4883 explendam
1387 4799 1508 4863 avinis
1542 4796 1645 4864 doctis
1680 4805 1754 4882 apte
1778 4818 1835 4881 per
1858 4817 1892 4862 se
1927 4798 2112 4882 excogitata

305 4909 425 4986 sunto:
450 4925 489 4968 ca
513 4925 625 4971 vereor
647 4925 686 4970 ne
710 4926 772 4970 non
795 4905 874 4971 satis
897 4905 1067 4971 ostendant
1090 4905 1287 4990 corruptelae
1311 4905 1477 4989 originem.
1514 4905 1555 4968 Et
1578 4905 1693 4970 lacuna
1717 4902 1799 4968 unde
1824 4910 1893 4968 orta
1916 4903 1967 4988 sit,
1992 4903 2112 4989 optimc

303 5049 507 5056 -——-—--

409 5156 435 5220 l)
455 5153 608 5210 Reiskius:
627 5157 701 5224 ὅμως
720 5156 758 5220 δέ,
779 5155 833 5208 ἐπεὶ
853 5155 963 5224 δυνάμει
985 5154 1030 5207 καί
1049 5153 1165 5222 ὠφελείᾳ
1185 5153 1265 5214 θεοὺς
1284 5155 1410 5220 κρίνομεν
1430 5154 1491 5218 (vel
1511 5155 1672 5222 νομίζομεν),
1698 5154 1803 5206 καθότι.
1842 5151 2111 5223 Wyttcnuachius:
