4588 5750
1056 433 1236 532 5

230 653 449 739 expediemus,
473 659 506 716 et
528 653 706 718 sentcntiae
728 652 808 718 satis
830 651 895 734 fiet,
919 651 946 716 si
970 649 1177 716 Plutarchum
1200 649 1365 733 scripsisse
1389 669 1511 718 mecum
1536 648 1679 734 putabis:
1702 649 1816 732 Ὅμως
1839 646 1867 714 δ’
1892 649 1957 714 ἐπεί
1981 649 2035 714 δυ-

227 764 318 845 νάμει
341 743 394 825 καί
418 761 552 843 ὠφελείᾳ
574 760 705 842 μάλιστα
729 759 825 829 θεοὺς
848 759 1088 840 καθορῶμεν
1112 758 1319 827 διεστῶτας
1342 757 1406 836 (vel
1430 757 1659 840 διαφέροντας),
1693 757 1807 820 καθότι
1830 759 1891 820 κτλ.
1939 758 2036 822 Inter-

229 868 375 934 ciderunt
398 874 506 950 ρῶμεν
529 867 702 938 διεστῶτας,
738 885 809 930 eum
843 863 966 930 librarii
1001 864 1110 929 oculus
1133 885 1152 928 a
1175 865 1262 928 κσθσ
1296 862 1329 927 in
1352 865 1548 947 καθορῶμεν
1581 863 1624 928 ad
1647 866 1733 928 καθσ
1757 863 1789 928 in
1812 865 1925 928 καθότι
1948 865 2037 929 aher-

229 982 342 1054 rasset.
399 971 582 1057 Composito
617 975 764 1055 καθορᾶν
787 970 978 1038 Plutarchus
1012 969 1199 1054 saepissime
1233 970 1332 1035 utitur
1366 971 1452 1035 velut
1486 969 1518 1036 in
1554 971 1616 1038 hoc
1650 970 1720 1055 ipso
1743 971 1852 1037 libello
1876 991 1947 1056 cap.
1972 971 2036 1038 IX:

231 1083 432 1164 ἀποκείρουσι
454 1082 509 1152 τὰς
532 1083 656 1152 ἵππους,
679 1080 741 1144 eho
764 1079 845 1162 πρὸς
867 1079 1011 1162 ποταμὸν
1034 1082 1053 1162 ἢ
1078 1079 1187 1162 λίμνην
1209 1080 1332 1162 ἄγουσι·
1356 1080 1553 1160 καθορῶσαν
1577 1080 1636 1162 γὰρ
1660 1081 1792 1161 ἑκάστην
1814 1080 1877 1144 τιτλ.

258 1182 262 1190 ’
335 1189 385 1253 De
408 1187 567 1253 sententia
590 1185 727 1252 conferri
750 1191 856 1271 potest
879 1186 967 1251 locus
991 1185 1045 1268 qui
1068 1192 1117 1250 est
1141 1182 1181 1250 de
1205 1183 1436 1268 tranquillitate
1458 1184 1556 1250 animi
1581 1205 1652 1270 cap.
1676 1185 1756 1250 XII:
1780 1188 1879 1250 καίτοι
1902 1187 2038 1251 καὶτῶν

228 1299 316 1362 θεῶν
338 1297 432 1367 ἄλλος
454 1295 550 1377 ἄλλην
572 1297 656 1377 ἔχων
680 1295 812 1377 δύναμιν
835 1295 854 1358 6
876 1293 935 1377 μὲν
957 1294 1106 1366 ἐνυάλιος,
1129 1294 1148 1357 6
1172 1293 1207 1356 δὲ
1228 1301 1385 1375 μαντῷος,
1409 1294 1427 1356 6
1451 1293 1486 1357 δὲ
1508 1294 1652 1376 κερδῷος
1676 1295 1907 1376 ἐπονομάζεται.

335 1401 419 1468 lhid.
443 1422 515 1486 cap.
536 1401 630 1466 XVI:
655 1401 838 1485 Σκοπῶμεν
861 1399 919 1466 οὖν
942 1401 1047 1473 εὐθὺς,
1071 1402 1116 1464 ὅτι
1138 1408 1192 1483 τῆς
1212 1401 1399 1483 Ἀφροδίτης
1421 1401 1456 1464 τδ
1479 1403 1572 1482 ἔργον
1595 1403 1714 1482 ἔρωτος
1736 1402 1832 1465 ὤνιόν
1855 1403 1916 1466 ἐστι
1940 1403 2037 1486 δραχ-

227 1519 290 1594 μῆς
313 1511 367 1574 καὶ
391 1511 461 1572 οὔτε
483 1509 581 1572 πόνον
604 1509 707 1579 οὐδεὶς
730 1511 801 1572 οὔτε
823 1509 969 1573 κίνδυνον
993 1508 1189 1590 ἀφροδισίων
1212 1509 1303 1570 ἕνεκα
1326 1507 1371 1590 μὴ
1396 1509 1480 1590 ἐρῶν
1502 1509 1672 1590 ὑπέμεινεν.

336 1615 538 1680 Manifestum
562 1621 611 1680 est
634 1621 666 1679 et
689 1635 729 1680 ex
753 1614 866 1680 addito
889 1612 1060 1700 participio
1083 1615 1127 1696 μὴ
1152 1615 1236 1696 ἐρῶν
1260 1618 1292 1678 et
1315 1633 1355 1678 ex
1383 1613 1433 1696 iis,
1469 1635 1551 1696 quae
1585 1613 1618 1678 iu
1653 1613 1765 1680 eodem
1801 1615 1908 1700 capite
1941 1615 2038 1701 paulo

230 1724 313 1789 inira
336 1724 483 1807 leguntur
493 1725 526 1804 ¹),
552 1721 706 1788 hocloco
730 1744 792 1788 non
816 1723 857 1788 de
881 1721 966 1788 omni
986 1722 1172 1805 Ἀφροδίτης
1194 1723 1281 1804 ἔργῳ
1304 1721 1369 1804 agi,
1393 1720 1450 1786 sed
1474 1721 1515 1786 dc
1538 1724 1623 1805 ἔργῳ
1647 1721 1764 1788 amoris
1787 1729 1929 1808 experte.
1976 1723 2038 1788 lta·

231 1851 301 1914 quc,
326 1851 365 1896 ne
389 1828 474 1912 quod
498 1829 722 1912 gravissimum
747 1837 825 1912 crat,
860 1829 1056 1910 reticeretur,
1081 1827 1224 1914 plerique
1247 1826 1415 1894 Reishinm
1438 1828 1539 1894 secuti
1563 1831 1637 1894 dosa
1661 1835 1736 1894 ante
1759 1833 1878 1912 ἔρωτος
1901 1829 2039 1896 inserue-
2160 1860 2168 1872 =

230 1944 316 2020 ruut3
341 1938 398 2004 alii
421 1959 461 2004 ex
485 1939 560 2002 Bas.
585 1936 707 2004 codicis
730 1937 922 2004 auctoritate
945 1939 1072 2020 ἔρωτος,
1108 1935 1194 2018 quod
1229 1941 1278 2000 est
1312 1936 1345 2000 in
1380 1935 1495 2000 ceteris
1524 1935 1614 2000 libris
1637 1934 1700 2000 lide
1723 1935 1841 2019 dignis,
1866 1936 2038 2002 eiecerunt.

230 2044 296 2112 Sed
311 2065 372 2112 neo
396 2045 491 2112 facile
515 2044 721 2128 intellegitur,
746 2043 1013 2128 quemadmodum
1037 2045 1111 2108 ἄνευ
1136 2041 1343 2122 interciderit,
1378 2063 1440 2108 nec
1474 2062 1537 2126 qua
1571 2042 1695 2108 ratione
1718 2045 1838 2126 ἔρωτος
1859 2043 1892 2108 in
1916 2050 2038 2110 textum

229 2153 361 2236 venerit,
386 2173 449 2236 quo
473 2154 589 2220 omisso
614 2153 705 2218 simul
730 2151 763 2217 id
787 2152 891 2236 ipsum
914 2150 1015 2234 deest,
1051 2150 1092 2216 de
1127 2170 1189 2233 quo
1224 2149 1285 2215 hoc
1319 2151 1389 2215 loco
1414 2171 1453 2214 cx
1477 2149 1527 2232 iis,
1563 2170 1645 2232 qnae
1680 2149 1948 2235 supradiximus,
1984 2152 2038 2235 agi

230 2267 374 2345 apparet.
411 2262 523 2344 Itaque
546 2261 624 2326 mihi
650 2261 703 2324 uix
728 2258 858 2324 dubium
883 2258 1018 2340 videtur,
1043 2257 1118 2340 quin
1142 2256 1333 2323 Plutarchus
1356 2256 1519 2342 scripserit
1541 2259 1660 2340 ἔρωτος
1683 2259 1810 2334 κενδν,
1840 2257 1924 2340 quod
1950 2258 2039 2325 iacil-

231 2367 305 2432 lime
330 2373 403 2432 ante
428 2371 524 2433 ὤνιον
547 2367 697 2434 excidere
731 2365 844 2452 potuit.
891 2365 932 2430 ef.
969 2365 1060 2430 Plato
1095 2364 1178 2430 Tim.
1204 2364 1276 2429 lira.
1328 2365 1410 2430 Ὅσα
1444 2367 1519 2430 κενά
1554 2367 1615 2430 ἐστι
1649 2368 1844 2450 φρονήσεως.
1890 2366 1973 2431 Plut.
1998 2365 2040 2432 de

232 2474 549 2560 garruIItatceap.1:
575 2477 631 2539 Διδ
653 2482 716 2546 τοῖς
737 2476 797 2558 μέν
819 2475 921 2544 ἄλλοις
944 2475 1130 2556 ἐμμένουσιν
1153 2475 1184 2537 ol
1205 2473 1300 2554 λόγοι,
1329 2477 1393 2537 τῶν
1416 2469 1444 2538 δ’
1469 2473 1651 2556 ἀδολέσχων
1675 2474 1853 2556 διαρρέουσι
1954 2476 2039 2542 κενοί

232 2588 369 2664 φρενῶν,
393 2585 473 2666 ἤχου
498 2584 532 2648 δὲ
554 2584 660 2666 μεστοί
682 2584 840 2664 περιίασιν.

269 2689 272 2694 ’
337 2687 420 2753 Ibid.
446 2710 516 2773 cap.
542 2689 653 2754 XVII:
675 2688 870 2770 Ἡρακλέους
894 2689 928 2752 δὲ
950 2687 1023 2758 τοὺς
1044 2688 1103 2770 μέν
1126 2687 1238 2757 ἄλλους
1261 2688 1382 2770 ἔρωτας
1405 2690 1497 2770 ἔργον
1520 2689 1599 2752 ἐστίν
1621 2689 1715 2752 εἰπεῖν
1738 2685 1788 2752 διὰ
1811 2689 1948 2772 πλῆθος·
1979 2688 2038 2752 Ἰό-

231 2795 307 2858 λαον
330 2796 365 2859 δὲ
387 2799 563 2878 νομίζοντες
586 2799 749 2879 ἐρώμενον
772 2799 868 2860 αὐτοῦ
893 2798 1058 2879 γεγονέναι,
1086 2797 1183 2879 μέχρι·
1201 2801 1258 2860 νῦν
1280 2797 1421 2878 σέβονται
1444 2797 1497 2859 καί
1512 2801 1649 2878 τιμῶσιν,
1666 2795 1808 2878 Ἔρωτος
1831 2796 1896 2876 (vel
1907 2797 2038 2880 ἔρωτος)

234 2901 352 2984 ὅρκους
374 2927 405 2966 τε
427 2906 480 2966 καὶ
502 2906 615 2974 πίστεις
638 2905 687 2967 ἐπὶ
710 2911 765 2968 τοῦ
789 2905 891 2986 τάφου
914 2905 1001 2986 παρὰ
1023 2909 1088 2968 τῶν
1111 2905 1285 2986 ἐρωμένων
1307 2904 1526 2986 λαμβάνοντες.

338 3007 411 3076 Noli
435 3017 558 3093 putare,
595 3009 768 3075 Plutarcho
790 3010 853 3094 ipsi
877 3008 1079 3075 deberi'sive
1101 3010 1245 3092 Ἔρωτος
1278 3009 1347 3074 sive
1381 3011 1515 3090 ἔρωτοςς
1550 3029 1622 3074 nam
1647 3030 1718 3075 cum
1743 3010 1868 3094 doceat,
1893 3013 1981 3078 Iolao
2004 3019 2040 3078 ut

232 3115 379 3180 Herculis
402 3115 524 3180 amasio
547 3115 674 3182 divinos
697 3117 834 3182 honores
857 3115 967 3182 haberi
993 3119 1146 3200 (σέβονται
1169 3118 1223 3181 καὶ
1244 3117 1386 3200 τιμῶσιν)
1421 3115 1489 3182 eius
1512 3115 1558 3181 rei
1593 3115 1671 3182 illud
1707 3125 1927 3202 argumentum
1951 3125 2039 3185 recte

231 3221 332 3304 addit,
356 3221 441 3304 quod
466 3223 519 3306 qui
544 3224 631 3309 capti
656 3231 746 3289 erant
770 3243 887 3305 amore,
912 3242 977 3306 eos,
1002 3243 1081 3306 quos
1104 3224 1264 3307 amabant,
1288 3245 1347 3308 per
1370 3243 1451 3306 enm,
1476 3231 1511 3288 ut
1534 3223 1628 3290 deum
1653 3224 1766 3306 iurare,
1791 3226 1860 3290 eius
1874 3224 1980 3308 fidem,
2004 3233 2040 3293 ut

231 3327 294 3411 dei,
318 3329 488 3415 implorare
511 3331 622 3397 iubere
646 3331 778 3396 soleant.
826 3331 897 3412 Qui,
922 3331 949 3395 si
974 3329 1092 3396 tradita
1115 3331 1210 3396 lectio
1234 3351 1311 3396 vera
1335 3337 1429 3412 essct,
1452 3351 1515 3395 non
1543 3333 1674 3415 Iolaum,
1699 3331 2038 3417 εεδἜρωτσ-ηαίδ

231 3432 292 3500 hoe
315 3434 357 3500 ad
382 3436 526 3501 lolaum‘?
549 3475 593 3484 —
617 3437 849 3520 implorassent.
896 3437 980 3515 Quid
1005 3439 1088 3504 enim
1111 3437 1198 3504 aliud
1222 3438 1403 3522 siguificare
1426 3446 1558 3523 possunt
1580 3441 1670 3522 ὅρκοι
1687 3439 1853 3523 Ἔροιτσςῖ
1888 3441 1957 3508 Noc
1972 3463 2037 3506 mo·

233 3539 284 3623 gis
307 3541 415 3625 placet
437 3543 555 3623 ἔρωτος
578 3545 696 3626 ὅρκους
718 3569 750 3608 τε
772 3545 825 3608 καί
847 3546 974 3625 πίστειςς
998 3567 1072 3610 nam
1095 3545 1171 3628 qnid
1194 3567 1252 3631 per
1275 3565 1309 3610 se
1332 3545 1437 3628 magis
1460 3566 1615 3630 apparere
1638 3553 1753 3630 potest,
1790 3567 1885 3628 quam
1920 3549 2038 3629 ὅρκους

231 3671 262 3710 τε
284 3648 338 3710 καί
360 3649 481 3720 πίστεις,
506 3648 620 3730 quihus
636 3655 780 3715 amantes
804 3670 868 3732 eos,
892 3671 971 3734 quos
988 3659 1104 3734 amant,
1129 3652 1340 3737 obstringunt,
1364 3653 1523 3737 pertinere
1536 3651 1577 3717 ad
1590 3655 1754 3722 amorem?
1789 3653 1925 3718 Accedit
1941 3652 2036 3736 quod,

230 3753 298 3817 sive
322 3756 441 3834 ἔρωτος
463 3755 636 3838 praeferes,
661 3755 729 3822 sive
746 3757 895 3840 Ἔρωτος,
931 3757 1129 3824 desiderabis
1152 3758 1285 3842 aliquid,
1322 3759 1406 3842 quod
1430 3757 1621 3843 respondeat
1649 3758 1695 3824 illi
1718 3761 1891 3842 καρδιῶν
1915 3763 2036 3842 ἐρωμέ-

228 3885 301 3924 νων.
337 3859 464 3938 Quanto
487 3861 600 3927 melius
612 3863 803 3930 Plutarchus
826 3864 904 3950 ipse,
929 3867 1019 3932 cuius
1042 3865 1122 3931 haee
1146 3872 1218 3931 sunt
1242 3865 1282 3932 de
1306 3866 1421 3932 cadem
1444 3887 1478 3931 re
1501 3865 1533 3930 in
1557 3865 1625 3932 vita
1637 3865 1812 3952 Pelopidae
1825 3885 1895 3951 cap.
1909 3865 2035 3932 XVlll:

227 3967 435 4052 Ἀριστοτέλης
459 3970 568 4034 δὲκαὶ
592 3968 669 4036 καθ’
693 3971 789 4036 αὑτὸν
812 3975 852 4036 ἔτι
886 3975 982 4056 φησίν
1010 3975 1059 4038 ἐπὶ
1081 3981 1136 4039 τοῦ
1159 3977 1262 4057 τάφου
1295 3982 1351 4038 τοῦ
1382 3975 1486 4038 Ἰόλεω
1521 3976 1575 4046 τάς
1608 3976 1849 4044 καταπιστώσεις
1882 3975 2038 4038 ποιεῖσθαι

229 4073 316 4144 τοὺς
339 4077 563 4159 ἐρωμένους
587 4079 761 4150 καὶτοὺς
785 4081 956 4161 ἐραστάς.
1003 4081 1052 4145 Ex
1077 4081 1126 4146 his
1149 4079 1228 4166 ipsis
1251 4081 1358 4146 verbis
1381 4087 1525 4165 apparet,
1549 4079 1718 4164 legendum
1743 4099 1828 4144 esse:
1860 4080 1980 4144 Ἰόλαον
2003 4081 2037 4145 δὲ

227 4182 320 4264 μέχρι
344 4188 400 4246 νῦν
422 4185 563 4267 σέβονται
585 4186 639 4250 κσὶ
661 4191 791 4268 τιμῶσιν
814 4189 849 4250 ol
872 4188 1048 4269 ἐρῶντες,
1072 4189 1190 4270 ὅρκους
1212 4213 1244 4252 τε
1266 4190 1320 4252 καὶ
1342 4191 1454 4259 πίστεις
1477 4189 1525 4252 ἐπὶ
1548 4195 1603 4252 τοῦ
1626 4191 1728 4272 τάφου
1751 4188 1837 4268 παρὰ
1868 4193 1932 4251 τῶν
1955 4189 2036 4268 ἔρω-

227 4291 335 4368 μένων
357 4290 575 4374 λαμβάνοντες.
623 4292 701 4357 Cum
726 4292 762 4358 Ol
791 4300 864 4378 post
898 4294 962 4362 ΕΙΝ
998 4293 1221 4378 intercidisset,
1258 4295 1363 4360 scriba
1398 4301 1541 4360 anrautes
1575 4295 1645 4360 loco
1669 4292 1783 4359 cedere
1806 4293 1907 4376 iussit,
1943 4313 2037 4375 quem

228 4402 401 4480 occuparet
424 4395 502 4462 deus
526 4399 671 4470 ἀνίκατος
693 4401 808 4484 μάχαν.

333 4503 371 4566 In
396 4503 507 4568 eodem
532 4505 639 4589 eapite
662 4507 811 4590 leguntur
834 4507 930 4572 haee:
971 4509 1153 4592 Δωρητικδς
1188 4511 1222 4573 δὲ
1255 4511 1309 4574 καί
1343 4513 1462 4582 ἁπλοῦς
1496 4511 1548 4574 καί
1581 4509 1795 4592 μεγαλόφρων
1823 4513 1953 4591 γίγνεται
1974 4513 2037 4580 πᾶς

228 4608 367 4691 ἐραστὴς,
391 4613 451 4674 κᾶν
475 4613 619 4695 γλίσχρος
642 4613 661 4695 ἦ
685 4615 846 4696 πρότερον,
871 4623 925 4698 τῆς
946 4617 1150 4698 μικρολογίας
1172 4618 1226 4680 καί
1248 4619 1453 4701 φιλαργυρίας
1476 4619 1566 4700 δίκην
1599 4618 1730 4700 σιδήρου
1759 4615 1808 4679 διά
1831 4616 1932 4699 πυρὸς
1955 4617 2035 4680 ἀνιε-

225 4715 330 4797 μένης.
365 4718 483 4790 ἁπλοῦς
507 4719 643 4784 coniecit
666 4719 827 4803 Reiskius,
863 4722 1010 4806 probavit
1029 4722 1353 4807 Winokelmanuus2),
1378 4723 1441 4806 alii,
1466 4743 1537 4788 cum
1561 4723 1656 4807 vulgo
1680 4723 1839 4806 legeretur
1862 4723 2037 4806 δωρητικὸς

226 4859 544 4870 η...--...--.-...,.,-,-

224 4927 280 4980 ἐπεὶ
301 4967 306 4979 .
328 4969 333 4980 .
355 4969 361 4984 .
383 4969 388 4980 .
409 4930 474 4984 θεοῦ
494 4929 541 5000 τὴν
561 4931 696 5000 ὑπεροχὴν
715 4929 882 5002 δνστίθεμσν,
901 4935 1006 4988 καθότι.
1045 4933 1249 4990 Berrrardakis
1269 4936 1424 5005 spmholac
1444 4937 1566 4991 criticae
1583 4942 1611 4990 et
1630 4936 1905 5008 palaeographicae
1927 4939 1956 4992 ln
1968 4937 2035 4995 Plu·

225 5016 320 5069 tarchi
341 5019 418 5072 vitas
437 5019 541 5088 parali.
562 5025 591 5073 ut
610 5021 737 5075 moralia
756 5021 876 5092 Lipsiae
898 5025 981 5080 1879:
1001 5023 1056 5077 έπεί
1074 5025 1184 5094 δυνάμει
1204 5025 1250 5080 καί
1269 5026 1383 5094 ὠφελείᾳ
1401 5025 1513 5092 μάλιστα
1532 5025 1611 5085 θεοὺς
1630 5027 1767 5094 διαφέρειν
1785 5027 1929 5096 ἡγούμεθα.

325 5107 351 5169 1)
370 5108 455 5166 οὕτως
474 5109 591 5179 ἀσθενὴς
610 5109 655 5163 καί
673 5111 808 5181 ἁψίκορός
827 5113 896 5168 ἔστιν
916 5115 932 5183 ἡ
953 5123 997 5184 τῆς
1014 5114 1172 5184 Ἀφροδίτης
1190 5115 1267 5184 χάρις
1281 5117 1317 5169 Ἐ
1322 5135 1431 5184 ρωπος
1449 5115 1493 5186 μὴ
1513 5115 1794 5180 ἐπιπνεύσαντος.

323 5195 350 5262 2)
370 5195 523 5251 Plutarchi
543 5215 636 5269 opera
656 5201 782 5257 moralia
801 5203 913 5259 selecta
932 5219 1002 5276 pag.
1024 5203 1082 5259 196.
