4588 5750
388 648 496 740 Saepe
519 649 639 720 librarii
663 671 734 720 cunr
758 670 813 721 eos
836 650 980 740 fugisset,
1001 667 1161 739 ‘quaenam
1184 657 1266 721 ratio
1289 655 1372 721 inter
1394 651 1536 740 singulas
1558 648 1796 722 sententiarum
1818 644 1929 741 'partes
1956 643 2091 722 interce·

282 759 373 827 deret
396 782 445 845 ea,
475 783 557 844 quae
581 783 642 827 non
667 763 745 828 satis
768 749 999 847 intellexerant,
1038 762 1080 828 ad
1104 764 1250 848 proxima
1273 766 1419 847 quaeque
1441 761 1716 859 aeuommorlamlo
1740 769 1965 848 peceaverunt,
2002 762 2091 828 ouius

282 869 329 934 rei
354 870 534 954 exemplum
559 867 808 956 deprehendisse
842 870 918 936 mihi
934 870 1053 936 uideor
1076 872 1109 936 in
1131 870 1239 936 libello
1263 869 1304 935 de
1327 891 1435 936 amore
1457 871 1556 956 prolis
1579 891 1650 956 cap.
1675 871 1731 936 IV.
1778 871 1828 936 Ibi
1852 870 1947 936 docet
1970 870 2091 934 Plutar-

281 976 360 1042 chus
384 975 528 1042 homines
551 976 660 1044 liberis
683 997 812 1063 operam
841 977 919 1043 dare
942 978 1121 1060 utilitatem,
1158 998 1253 1060 quam
1277 977 1352 1043 inde
1385 985 1497 1063 postea
1522 977 1645 1063 capturi
1670 979 1742 1061 sint,
1771 997 1973 1060 nequisquam
1996 979 2092 1062 respi-

284 1085 414 1168 cientes,
438 1082 494 1148 sed
519 1084 590 1169 ipsa
613 1092 727 1150 natura
750 1084 832 1150 duee
848 1091 880 1149 et
892 1105 1000 1150 amore
1023 1085 1190 1170 impulsos:
1216 1088 1286 1150 οὔτε
1308 1086 1408 1168 νόμος
1430 1086 1470 1169 ἦν
1493 1087 1621 1157 ε’κείνοις
1642 1093 1861 1169 τεκνοτροφεῖν
1882 1087 2092 1166 προστάττων,

283 1193 355 1256 οὔτε
376 1192 552 1274 προσδοκία
576 1194 700 1275 χάριτος
723 1196 742 1276 ἢ
766 1195 923 1276 τροφείων
945 1194 994 1257 ε’τιλ
1028 1196 1109 1264 νέοις
1144 1195 1380 1276 δανειζομένων.
1437 1191 1588 1264 Χαλεπδς
1619 1194 1653 1257 δὲ
1674 1194 1794 1276 μᾶλλον
1817 1189 1930 1275 εἴποιμ’
1955 1195 1994 1256 ἂν
2018 1191 2092 1255 εἶναι

283 1300 336 1363 καὶ
358 1301 574 1384 μνησικάκους
595 1300 650 1370 τὰς
671 1301 824 1371 τεκούσας
857 1307 920 1372 τοῖς
946 1302 1084 1384 βρέφεσι,
1119 1301 1276 1364 κινδύνων
1298 1325 1330 1364 τε
1362 1301 1510 1383 μεγάλων
1532 1301 1585 1364 καλ
1607 1301 1717 1364 πόνων
1752 1300 1858 1370 αὐτοῖς
1892 1301 2093 1382 γιγνομένων.

284 1405 426 1483 Quaero:
463 1425 595 1489 quorum
617 1405 840 1491 periculorum,
864 1427 996 1491 quorum
1020 1407 1187 1472 laborum?
1233 1407 1367 1472 Miseros
1389 1406 1537 1490 infantes,
1573 1407 1626 1490 qui
1651 1407 1791 1471 infensas
1815 1405 1954 1472 habeant
1977 1412 2095 1471 matres

284 1519 414 1598 propter
437 1513 544 1578 omnia
566 1533 606 1578 oa
628 1512 772 1598 pericula
794 1520 827 1578 et
850 1514 985 1597 labores,
1010 1533 1092 1597 quae
1115 1515 1148 1579 in
1171 1513 1332 1579 hominnm
1355 1509 1423 1578 vitat
1452 1519 1628 1578 versantur.
1687 1511 1893 1578 Plutarchum
1928 1511 1989 1578 hoo
2023 1513 2094 1578 loeo

284 1621 353 1686 sola
376 1640 415 1684 ea
438 1620 580 1704 pericula
603 1619 798 1704 intellegere,
824 1641 906 1704 quae
929 1621 1084 1687 matribus
1108 1627 1201 1706 partu
1224 1620 1439 1704 intendantur,
1477 1657 1520 1666 ——
1556 1639 1736 1703 quaecum
1771 1619 1953 1706 pronihilo
1980 1627 2094 1705 putant

284 1747 435 1812 magnum
458 1747 536 1794 sane
558 1726 648 1816 (lant0
659 1734 822 1793 maternae
846 1729 989 1794 caritatis
1012 1727 1236 1795 documentum
1252 1733 1344 1792 —et
1366 1748 1418 1792 ros
1441 1728 1521 1812 ipsa,
1545 1727 1586 1792 do
1611 1747 1675 1810 qua
1698 1729 1814 1811 agitur,
1840 1727 1935 1792 docet
1958 1734 1990 1792 et
2014 1727 2095 1792 liaeo

284 1834 398 1900 addita
420 1835 520 1900 verba
536 1835 681 1900 Homeri:
703 1836 764 1907 Ὡς
781 1833 809 1899 δ’
827 1837 901 1901 ὅταν
924 1838 1102 1900 ὠδίνουσαν
1125 1839 1180 1919 ἔχῃ
1196 1836 1287 1919 βέλος
1303 1835 1360 1909 ὀξὺ
1376 1841 1507 1918 γυναῖκα
1532 1835 1637 1917 δριμύ,
1661 1836 1695 1898 τό
1712 1858 1743 1898 τε
1757 1841 1883 1916 προϊᾶσι
1905 1835 2095 1918 μογοστόκοι

284 1943 456 2006 Εἰλείθυιαι
473 1941 575 2026 Ἥρης
597 1944 768 2025 θυγατέρες
790 1942 905 2025 πικρὰς
928 1943 1046 2014 ὠδῖνας
1069 1945 1203 2026 ἔχουσαι.
1250 1942 1363 2024 Itaque
1398 1948 1453 2006 aut
1488 1939 1614 2006 reticuit
1637 1939 1670 2005 id
1699 1942 1812 2025 ipsum,
1848 1940 1934 2024 quod
1957 1941 2095 2006 maxime

285 2048 350 2115 dici
373 2049 541 2135 oportebat
564 2054 620 2114 aut
642 2049 784 2134 scripsit:
809 2049 960 2121 Χαλεπδς
983 2051 1017 2114 δὲ
1039 2051 1158 2133 μᾶλλον
1181 2047 1294 2132 εἴποιμ’
1318 2052 1357 2112 ἂν
1380 2049 1456 2112 εἶναι
1478 2051 1531 2112 καλ
1553 2049 1768 2132 μνησικάκους
1790 2049 1845 2119 τὰς
1866 2049 2018 2120 τεκούσας
2033 2056 2095 2120 τοῖς

284 2159 422 2240 βρέφεσι,
445 2158 602 2221 κινδύνων
624 2181 655 2221 τε
677 2159 824 2240 μεγάλων
846 2159 900 2222 καλ
921 2159 1031 2224 πόνων
1054 2159 1190 2227 αἰτίοις
1213 2158 1460 2239 γιγνομένοις.
1752 2225 1755 2232 ,

392 2265 497 2335 αἰτίοις
519 2263 552 2328 in
576 2257 683 2335 αὐτοῖς
707 2271 854 2350 corrupto
879 2267 1070 2349 perverterem
1092 2283 1259 2349 perperam
1283 2261 1559 2328 accommodatum
1583 2269 1630 2326 est
1655 2259 1696 2326 ad
1720 2263 1878 2326 κινδύνων
1901 2253 2094 2328 uoluuntur.

285 2372 411 2444 Αὐταῖς,
435 2390 507 2436 oum
530 2371 674 2456 proximo
698 2371 871 2456 praecedat
893 2374 1055 2443 τεκούσαις
1077 2391 1169 2437 nemo
1194 2367 1400 2434 desiderabit.
